<record><header><identifier>oai:alma.41SLSP_UGE:991000030419705502</identifier><datestamp>2023-06-20T00:27:00Z</datestamp><setSpec>uge_bcen_RapidILL_BOOK</setSpec><setSpec>uge_aaca_RapidILL_BOOK</setSpec><setSpec>uge_abels_RapidILL_BOOK</setSpec><setSpec>uge_dbu_RapidILL_BOOK</setSpec><setSpec>uge_cmu_RapidILL_BOOK</setSpec><setSpec>uge_mail_RapidILL_BOOK</setSpec><setSpec>uge_abbat_RapidILL_BOOK</setSpec><setSpec>UNIGE_ALL</setSpec><setSpec>uge_aobs_RapidILL_BOOK</setSpec><setSpec>uge_acar_RapidILL_BOOK</setSpec></header><metadata>
<record xmlns="http://www.loc.gov/MARC21/slim" xmlns:xsi="http://www.w3.org/2001/XMLSchema-instance" xsi:schemaLocation="http://www.loc.gov/MARC21/slim http://www.loc.gov/standards/marcxml/schema/MARC21slim.xsd"><leader>02161nam a2200541 c 4500</leader><controlfield tag="001">991000030419705502</controlfield><controlfield tag="005">20230619195840.0</controlfield><controlfield tag="008">201011s2013    xxk||||| |||| 00| ||eng d</controlfield><datafield ind1=" " ind2=" " tag="015"><subfield code="a">GBB341674</subfield><subfield code="2">bnb</subfield></datafield><datafield ind1=" " ind2=" " tag="020"><subfield code="a">1782546189</subfield><subfield code="q">hbk.</subfield></datafield><datafield ind1=" " ind2=" " tag="020"><subfield code="a">1782546197</subfield><subfield code="q">ebk.</subfield></datafield><datafield ind1=" " ind2=" " tag="020"><subfield code="a">1782546200</subfield><subfield code="q">pbk.</subfield></datafield><datafield ind1=" " ind2=" " tag="020"><subfield code="a">9781782546184</subfield><subfield code="q">hbk.</subfield></datafield><datafield ind1=" " ind2=" " tag="020"><subfield code="a">9781782546191</subfield><subfield code="q">ebk.</subfield></datafield><datafield ind1=" " ind2=" " tag="020"><subfield code="a">9781782546207</subfield><subfield code="q">pbk.</subfield></datafield><datafield ind1=" " ind2=" " tag="035"><subfield code="a">(swissbib)227851900-41slsp_network</subfield></datafield><datafield ind1=" " ind2=" " tag="035"><subfield code="a">227851900</subfield><subfield code="9">ExL</subfield></datafield><datafield ind1=" " ind2=" " tag="035"><subfield code="a">(RERO)R007771009-41slsp</subfield></datafield><datafield ind1=" " ind2=" " tag="035"><subfield code="a">(NEBIS)009787248EBI01</subfield></datafield><datafield ind1=" " ind2=" " tag="035"><subfield code="a">(OCoLC)841186451</subfield></datafield><datafield ind1=" " ind2=" " tag="035"><subfield code="a">(EXLNZ-41SLSP_NETWORK)991080452349705501</subfield></datafield><datafield ind1=" " ind2=" " tag="040"><subfield code="a">UKMGB</subfield><subfield code="d">CH-ZuSLS</subfield></datafield><datafield ind1=" " ind2="7" tag="072"><subfield code="a">se</subfield><subfield code="2">rero</subfield></datafield><datafield ind1="0" ind2="4" tag="082"><subfield code="a">658.87</subfield><subfield code="2">23</subfield></datafield><datafield ind1="1" ind2=" " tag="100"><subfield code="a">Castaldo, Sandro</subfield><subfield code="d">1965-</subfield><subfield code="0">(IDREF)133937372</subfield><subfield code="4">cre</subfield></datafield><datafield ind1="1" ind2="0" tag="245"><subfield code="a">Retail and channel marketing</subfield><subfield code="c">Sandro Castaldo, Monica Grosso, Katia Premazzi</subfield></datafield><datafield ind1=" " ind2="1" tag="264"><subfield code="a">Cheltenham</subfield><subfield code="b">Edward Elgar</subfield><subfield code="c">2013</subfield></datafield><datafield ind1=" " ind2=" " tag="300"><subfield code="a">261 S.</subfield><subfield code="b">Ill.</subfield></datafield><datafield ind1=" " ind2=" " tag="336"><subfield code="b">txt</subfield><subfield code="2">rdacontent</subfield></datafield><datafield ind1=" " ind2=" " tag="337"><subfield code="b">n</subfield><subfield code="2">rdamedia</subfield></datafield><datafield ind1=" " ind2=" " tag="338"><subfield code="b">nc</subfield><subfield code="2">rdacarrier</subfield></datafield><datafield ind1=" " ind2="0" tag="650"><subfield code="a">Communication in marketing</subfield></datafield><datafield ind1=" " ind2="0" tag="650"><subfield code="a">Marketing</subfield></datafield><datafield ind1=" " ind2="0" tag="650"><subfield code="a">Marketing channels</subfield></datafield><datafield ind1=" " ind2="0" tag="650"><subfield code="a">Retail trade</subfield></datafield><datafield ind1=" " ind2="7" tag="650"><subfield code="a">Commerce de détail</subfield><subfield code="0">(IDREF)027316629</subfield><subfield code="2">idref</subfield></datafield><datafield ind1=" " ind2="7" tag="650"><subfield code="a">Circuits de distribution</subfield><subfield code="0">(IDREF)027588734</subfield><subfield code="2">idref</subfield></datafield><datafield ind1=" " ind2="7" tag="650"><subfield code="a">Marketing</subfield><subfield code="0">(IDREF)027476014</subfield><subfield code="2">idref</subfield></datafield><datafield ind1=" " ind2="7" tag="650"><subfield code="a">MARKETING</subfield><subfield code="9">eng</subfield><subfield code="0">(ETHUDK)000010858</subfield><subfield code="2">ethudk</subfield></datafield><datafield ind1=" " ind2="7" tag="650"><subfield code="a">RETAIL TRADE</subfield><subfield code="9">eng</subfield><subfield code="0">(ETHUDK)000010889</subfield><subfield code="2">ethudk</subfield></datafield><datafield ind1=" " ind2="7" tag="650"><subfield code="a">SALE + DISTRIBUTION (BUSINESS ECONOMICS)</subfield><subfield code="9">eng</subfield><subfield code="0">(ETHUDK)000032628</subfield><subfield code="2">ethudk</subfield></datafield><datafield ind1=" " ind2="7" tag="655"><subfield code="a">Manuels d'enseignement supérieur</subfield><subfield code="0">(IDREF)03020934X</subfield><subfield code="2">idref</subfield></datafield><datafield ind1="1" ind2=" " tag="700"><subfield code="a">Grosso, Monica</subfield><subfield code="d">19..-....</subfield><subfield code="0">(IDREF)182043436</subfield></datafield><datafield ind1="1" ind2=" " tag="700"><subfield code="a">Premazzi, Katia</subfield><subfield code="d">19..-....</subfield><subfield code="0">(IDREF)182043649</subfield></datafield><datafield ind1="4" ind2=" " tag="856"><subfield code="3">Titelblatt und Inhaltsverzeichnis</subfield><subfield code="u">https://toc.library.ethz.ch/objects/pdf03/e01_978-1-78254-618-4_01.pdf</subfield><subfield code="q">pdf</subfield></datafield><datafield ind1="4" ind2=" " tag="856"><subfield code="3">Abstract / Autoreninformation</subfield><subfield code="u">https://toc.library.ethz.ch/objects/pdf03/e01_978-1-78254-618-4_02.pdf</subfield><subfield code="q">pdf</subfield></datafield><datafield ind1=" " ind2=" " tag="911"><subfield code="a">100</subfield><subfield code="a">Castaldo, Sandro</subfield><subfield code="d">1965-</subfield></datafield><datafield ind1=" " ind2=" " tag="949"><subfield code="a">https://toc.library.ethz.ch/objects/pdf03/e01_978-1-78254-618-4_01.pdf</subfield></datafield><datafield ind1=" " ind2=" " tag="949"><subfield code="a">https://toc.library.ethz.ch/objects/pdf03/e01_978-1-78254-618-4_02.pdf</subfield></datafield></record>
</metadata></record>