<record><header><identifier>oai:alma.41SLSP_UGE:991000030729705502</identifier><datestamp>2023-06-17T00:28:37Z</datestamp><setSpec>uge_bcen_RapidILL_BOOK</setSpec><setSpec>uge_aaca_RapidILL_BOOK</setSpec><setSpec>uge_abels_RapidILL_BOOK</setSpec><setSpec>uge_dbu_RapidILL_BOOK</setSpec><setSpec>uge_cmu_RapidILL_BOOK</setSpec><setSpec>uge_mail_RapidILL_BOOK</setSpec><setSpec>uge_abbat_RapidILL_BOOK</setSpec><setSpec>UNIGE_ALL</setSpec><setSpec>uge_acar_RapidILL_BOOK</setSpec><setSpec>uge_aobs_RapidILL_BOOK</setSpec></header><metadata>
<record xmlns="http://www.loc.gov/MARC21/slim" xmlns:xsi="http://www.w3.org/2001/XMLSchema-instance" xsi:schemaLocation="http://www.loc.gov/MARC21/slim http://www.loc.gov/standards/marcxml/schema/MARC21slim.xsd"><leader>02975nam a2200649 c 4500</leader><controlfield tag="001">991000030729705502</controlfield><controlfield tag="005">20230328214602.0</controlfield><controlfield tag="008">201011s2011    enk      |||| 100 0 eng|d</controlfield><datafield ind1=" " ind2=" " tag="015"><subfield code="a">GBB184364</subfield><subfield code="2">bnb</subfield></datafield><datafield ind1=" " ind2=" " tag="020"><subfield code="a">0821853155</subfield><subfield code="q">pbk.</subfield></datafield><datafield ind1=" " ind2=" " tag="020"><subfield code="a">9780821853153</subfield></datafield><datafield ind1=" " ind2=" " tag="035"><subfield code="a">(swissbib)222955597-41slsp_network</subfield></datafield><datafield ind1=" " ind2=" " tag="035"><subfield code="a">222955597</subfield><subfield code="9">ExL</subfield></datafield><datafield ind1=" " ind2=" " tag="035"><subfield code="a">(NEBIS)007200804EBI01</subfield></datafield><datafield ind1=" " ind2=" " tag="035"><subfield code="a">(RERO)R006353701-41slsp</subfield></datafield><datafield ind1=" " ind2=" " tag="035"><subfield code="a">(OCoLC)758972557</subfield></datafield><datafield ind1=" " ind2=" " tag="035"><subfield code="a">(EXLNZ-41SLSP_NETWORK)991013307489705501</subfield></datafield><datafield ind1=" " ind2=" " tag="040"><subfield code="a">NLGGC</subfield><subfield code="d">CH-ZuSLS</subfield></datafield><datafield ind1=" " ind2=" " tag="050"><subfield code="a">QA188</subfield></datafield><datafield ind1=" " ind2="7" tag="072"><subfield code="a">ma</subfield><subfield code="2">rero</subfield></datafield><datafield ind1="0" ind2="4" tag="082"><subfield code="a">511.5</subfield><subfield code="2">22</subfield></datafield><datafield ind1=" " ind2=" " tag="084"><subfield code="a">31.12</subfield><subfield code="2">bcl</subfield></datafield><datafield ind1=" " ind2=" " tag="084"><subfield code="a">31.25</subfield><subfield code="2">bcl</subfield></datafield><datafield ind1=" " ind2=" " tag="084"><subfield code="a">05</subfield><subfield code="2">msc</subfield></datafield><datafield ind1=" " ind2=" " tag="084"><subfield code="a">15</subfield><subfield code="2">msc</subfield></datafield><datafield ind1="1" ind2=" " tag="100"><subfield code="a">Brualdi, Richard A.</subfield><subfield code="d">1939-</subfield><subfield code="0">(DE-588)113645112</subfield><subfield code="6">880-01</subfield></datafield><datafield ind1="1" ind2=" " tag="880"><subfield code="6">100-01</subfield><subfield code="a">Brualdi, Richard A.</subfield><subfield code="d">1939-....</subfield><subfield code="0">(IDREF)032064055</subfield><subfield code="4">cre</subfield></datafield><datafield ind1="1" ind2="0" tag="245"><subfield code="a">&lt;&lt;The&gt;&gt; mutually beneficial relationship of graphs and matrices</subfield><subfield code="c">Richard A. Brualdi</subfield></datafield><datafield ind1=" " ind2="1" tag="264"><subfield code="a">Providence, R.I.</subfield><subfield code="b">American Mathematical Society</subfield><subfield code="c">2011</subfield></datafield><datafield ind1=" " ind2=" " tag="300"><subfield code="a">96 p.</subfield><subfield code="b">ill.</subfield></datafield><datafield ind1=" " ind2=" " tag="336"><subfield code="b">txt</subfield><subfield code="2">rdacontent</subfield></datafield><datafield ind1=" " ind2=" " tag="337"><subfield code="b">n</subfield><subfield code="2">rdamedia</subfield></datafield><datafield ind1=" " ind2=" " tag="338"><subfield code="b">nc</subfield><subfield code="2">rdacarrier</subfield></datafield><datafield ind1="1" ind2=" " tag="490"><subfield code="a">CBMS regional conference series in mathematics</subfield><subfield code="v">no. 115</subfield></datafield><datafield ind1=" " ind2=" " tag="500"><subfield code="a">Rugtitel: Graphs and matrices</subfield></datafield><datafield ind1=" " ind2=" " tag="500"><subfield code="a">NSF-CBMS regional research conference in the mathematical sciences, gehouden aan de Iowa State University, Ames, 12-16 juli 2010</subfield></datafield><datafield ind1=" " ind2=" " tag="500"><subfield code="a">Gebaseerd op 10 lezingen, gegeven aan de Iowa State University in Ames, van 12-16 juli 2010</subfield></datafield><datafield ind1=" " ind2=" " tag="504"><subfield code="a">Includes bibliographical references and index</subfield></datafield><datafield ind1=" " ind2="0" tag="650"><subfield code="a">Matrices</subfield></datafield><datafield ind1=" " ind2="0" tag="650"><subfield code="a">Graph theory</subfield></datafield><datafield ind1=" " ind2="0" tag="650"><subfield code="a">Combinatorial analysis</subfield></datafield><datafield ind1=" " ind2="0" tag="650"><subfield code="a">Algebras, Linear</subfield></datafield><datafield ind1=" " ind2="7" tag="650"><subfield code="a">GERICHTETE GRAPHEN (GRAPHENTHEORIE)</subfield><subfield code="9">ger</subfield><subfield code="0">(ETHUDK)000013518</subfield><subfield code="2">ethudk</subfield></datafield><datafield ind1=" " ind2="7" tag="650"><subfield code="a">MATRIXMETHODEN DER GRAPHENTHEORIE + SPEKTRALE GRAPHENTHEORIE</subfield><subfield code="9">ger</subfield><subfield code="0">(ETHUDK)000041414</subfield><subfield code="2">ethudk</subfield></datafield><datafield ind1=" " ind2="7" tag="650"><subfield code="a">MATRIZENEIGENWERTE (ALGEBRA)</subfield><subfield code="9">ger</subfield><subfield code="0">(ETHUDK)000012774</subfield><subfield code="2">ethudk</subfield></datafield><datafield ind1=" " ind2="7" tag="650"><subfield code="a">SPEZIELLE TYPEN VON MATRIZEN (ALGEBRA)</subfield><subfield code="9">ger</subfield><subfield code="0">(ETHUDK)000012775</subfield><subfield code="2">ethudk</subfield></datafield><datafield ind1=" " ind2="7" tag="650"><subfield code="a">Théorie des graphes</subfield><subfield code="0">(IDREF)027315428</subfield><subfield code="2">idref</subfield></datafield><datafield ind1=" " ind2="7" tag="650"><subfield code="a">Matrices</subfield><subfield code="0">(IDREF)027238857</subfield><subfield code="2">idref</subfield></datafield><datafield ind1=" " ind2="7" tag="655"><subfield code="a">Konferenzschrift</subfield><subfield code="z">Ames, Iowa</subfield><subfield code="y">2010</subfield><subfield code="2">gnd-content</subfield></datafield><datafield ind1="2" ind2=" " tag="710"><subfield code="a">National Science Foundation</subfield><subfield code="b">Conference Board of the Mathematical Sciences</subfield><subfield code="0">(DE-588)1083827-2</subfield></datafield><datafield ind1="2" ind2=" " tag="711"><subfield code="a">NSF-CBMS Regional Research Conference in the Mathematical Sciences</subfield></datafield><datafield ind1="4" ind2=" " tag="856"><subfield code="3">Titelblatt und Inhaltsverzeichnis</subfield><subfield code="u">https://toc.library.ethz.ch/objects/pdf/e01_978-0-8218-5315-3_01.pdf</subfield><subfield code="q">pdf</subfield></datafield><datafield ind1="4" ind2=" " tag="856"><subfield code="3">Abstract / Autoreninformation</subfield><subfield code="u">https://toc.library.ethz.ch/objects/pdf/e01_978-0-8218-5315-3_02.pdf</subfield><subfield code="q">pdf</subfield></datafield><datafield ind1=" " ind2=" " tag="830"><subfield code="a">Regional Conference Series in Mathematics</subfield><subfield code="v">115</subfield><subfield code="w">(RERO)0674818-41slsp</subfield></datafield><datafield ind1=" " ind2=" " tag="830"><subfield code="a">Regional conference series in mathematics</subfield><subfield code="v">115</subfield><subfield code="w">(NEBIS)000025026EBI01</subfield></datafield><datafield ind1=" " ind2=" " tag="900"><subfield code="a">REROnoselfmerge</subfield></datafield><datafield ind1=" " ind2=" " tag="949"><subfield code="a">https://toc.library.ethz.ch/objects/pdf/e01_978-0-8218-5315-3_01.pdf</subfield></datafield><datafield ind1=" " ind2=" " tag="949"><subfield code="a">https://toc.library.ethz.ch/objects/pdf/e01_978-0-8218-5315-3_02.pdf</subfield></datafield></record>
</metadata></record>