<record><header><identifier>oai:alma.41SLSP_UGE:991000030019705502</identifier><datestamp>2023-03-27T00:13:16Z</datestamp><setSpec>uge_bcen_RapidILL_BOOK</setSpec><setSpec>uge_aaca_RapidILL_BOOK</setSpec><setSpec>uge_abels_RapidILL_BOOK</setSpec><setSpec>uge_dbu_RapidILL_BOOK</setSpec><setSpec>uge_cmu_RapidILL_BOOK</setSpec><setSpec>uge_mail_RapidILL_BOOK</setSpec><setSpec>uge_abbat_RapidILL_BOOK</setSpec><setSpec>UNIGE_ALL</setSpec><setSpec>uge_acar_RapidILL_BOOK</setSpec><setSpec>uge_aobs_RapidILL_BOOK</setSpec></header><metadata>
<record xmlns="http://www.loc.gov/MARC21/slim" xmlns:xsi="http://www.w3.org/2001/XMLSchema-instance" xsi:schemaLocation="http://www.loc.gov/MARC21/slim http://www.loc.gov/standards/marcxml/schema/MARC21slim.xsd"><leader>01663nam a2200421uc 4500</leader><controlfield tag="001">991000030019705502</controlfield><controlfield tag="005">20230326203312.0</controlfield><controlfield tag="008">201012t19491949xxu    |      00| ||eng|d</controlfield><datafield ind1=" " ind2=" " tag="035"><subfield code="a">(swissbib)242541968-41slsp_network</subfield></datafield><datafield ind1=" " ind2=" " tag="035"><subfield code="a">242541968</subfield><subfield code="9">ExL</subfield></datafield><datafield ind1=" " ind2=" " tag="035"><subfield code="a">(NEBIS)000916494EBI01</subfield></datafield><datafield ind1=" " ind2=" " tag="035"><subfield code="a">(RERO)0154371-41slsp</subfield></datafield><datafield ind1=" " ind2=" " tag="035"><subfield code="a">(IDSLU)000696982ILU01</subfield></datafield><datafield ind1=" " ind2=" " tag="035"><subfield code="a">(EXLNZ-41SLSP_NETWORK)991073687779705501</subfield></datafield><datafield ind1=" " ind2=" " tag="040"><subfield code="a">ETH-PHY</subfield><subfield code="b">ger</subfield><subfield code="e">ETHICS-ISBD</subfield><subfield code="d">CH-ZuSLS</subfield></datafield><datafield ind1=" " ind2="7" tag="072"><subfield code="a">py</subfield><subfield code="2">rero</subfield></datafield><datafield ind1="1" ind2=" " tag="100"><subfield code="a">Beyer, Robert Thomas</subfield><subfield code="6">880-01</subfield></datafield><datafield ind1="1" ind2=" " tag="880"><subfield code="a">Beyer, Robert Thomas</subfield><subfield code="0">(RERO)A006503100</subfield><subfield code="6">100-01</subfield></datafield><datafield ind1="1" ind2="0" tag="245"><subfield code="a">Foundations of nuclear physics</subfield><subfield code="b">facsimiles of thirteen fundamental studies as they were originally reported in the scientific journals</subfield><subfield code="c">[Carl D. Anderson ... et al.]; with a bibliography comp. by Robert T. Beyer</subfield></datafield><datafield ind1="1" ind2=" " tag="246"><subfield code="a">Nuclear physics</subfield></datafield><datafield ind1="1" ind2="0" tag="246"><subfield code="a">Foundations of nuclear physics</subfield></datafield><datafield ind1=" " ind2="1" tag="264"><subfield code="a">New York</subfield><subfield code="b">Dover</subfield><subfield code="c">[1949]</subfield></datafield><datafield ind1=" " ind2="4" tag="264"><subfield code="c">© 1949</subfield></datafield><datafield ind1=" " ind2=" " tag="300"><subfield code="a">1 Band (mehrere Zählungen)</subfield><subfield code="c">24 cm</subfield><subfield code="b">Ill.</subfield></datafield><datafield ind1=" " ind2=" " tag="336"><subfield code="b">txt</subfield><subfield code="2">rdacontent</subfield></datafield><datafield ind1=" " ind2=" " tag="337"><subfield code="b">n</subfield><subfield code="2">rdamedia</subfield></datafield><datafield ind1=" " ind2=" " tag="338"><subfield code="b">nc</subfield><subfield code="2">rdacarrier</subfield></datafield><datafield ind1="0" ind2=" " tag="490"><subfield code="a">Dover books on physics &amp; mathematical physics</subfield></datafield><datafield ind1=" " ind2="7" tag="650"><subfield code="a">KERNPHYSIK</subfield><subfield code="9">ger</subfield><subfield code="0">(ETHUDK)000015476</subfield><subfield code="2">ethudk</subfield></datafield><datafield ind1=" " ind2="7" tag="650"><subfield code="a">REPRINTS + NACHDRUCKE</subfield><subfield code="9">ger</subfield><subfield code="0">(ETHUDK)000046982</subfield><subfield code="2">ethudk</subfield></datafield><datafield ind1=" " ind2="7" tag="650"><subfield code="a">Physique nucléaire</subfield><subfield code="0">(IDREF)027306186</subfield><subfield code="2">idref</subfield></datafield><datafield ind1=" " ind2="0" tag="650"><subfield code="a">Nuclear physics</subfield></datafield><datafield ind1=" " ind2="7" tag="655"><subfield code="a">[Études diverses]</subfield><subfield code="0">(RERO)A022249905</subfield><subfield code="2">rero</subfield></datafield><datafield ind1=" " ind2=" " tag="690"><subfield code="a">Atomphysik, B: Kernphysik</subfield><subfield code="2">rzs-L1</subfield></datafield><datafield ind1=" " ind2=" " tag="690"><subfield code="a">Kernphysik. A.</subfield><subfield code="2">rzs-L1</subfield></datafield><datafield ind1="1" ind2=" " tag="700"><subfield code="a">Beyer, Robert T.</subfield></datafield><datafield ind1="1" ind2=" " tag="700"><subfield code="a">Anderson, Carl David</subfield><subfield code="d">1905-1991</subfield><subfield code="0">(DE-588)173476236</subfield></datafield><datafield ind1=" " ind2=" " tag="900"><subfield code="a">REROnoselfmerge</subfield></datafield><datafield ind1=" " ind2=" " tag="911"><subfield code="a">Beyer, Robert T</subfield><subfield code="q">Robert Thomas</subfield><subfield code="d">1920-</subfield></datafield></record>
</metadata></record>