<record><header><identifier>oai:alma.41SLSP_UGE:991000030749705502</identifier><datestamp>2023-03-01T01:09:18Z</datestamp><setSpec>uge_bcen_RapidILL_BOOK</setSpec><setSpec>uge_aaca_RapidILL_BOOK</setSpec><setSpec>uge_abels_RapidILL_BOOK</setSpec><setSpec>uge_dbu_RapidILL_BOOK</setSpec><setSpec>uge_cmu_RapidILL_BOOK</setSpec><setSpec>uge_mail_RapidILL_BOOK</setSpec><setSpec>UNIGE_ALL</setSpec><setSpec>uge_abbat_RapidILL_BOOK</setSpec><setSpec>uge_aobs_RapidILL_BOOK</setSpec><setSpec>uge_acar_RapidILL_BOOK</setSpec></header><metadata>
<record xmlns="http://www.loc.gov/MARC21/slim" xmlns:xsi="http://www.w3.org/2001/XMLSchema-instance" xsi:schemaLocation="http://www.loc.gov/MARC21/slim http://www.loc.gov/standards/marcxml/schema/MARC21slim.xsd"><leader>00858nam a2200265 c 4500</leader><controlfield tag="001">991000030749705502</controlfield><controlfield tag="005">20201227133641.0</controlfield><controlfield tag="008">960313s1991    it ||||| |||| 00| ||ita d</controlfield><datafield ind1=" " ind2=" " tag="020"><subfield code="a">887104360X</subfield></datafield><datafield ind1=" " ind2=" " tag="035"><subfield code="a">(swissbib)091035570-41slsp_network</subfield></datafield><datafield ind1=" " ind2=" " tag="035"><subfield code="a">091035570</subfield><subfield code="9">ExL</subfield></datafield><datafield ind1=" " ind2=" " tag="035"><subfield code="a">(RERO)2170827-41slsp</subfield></datafield><datafield ind1=" " ind2=" " tag="035"><subfield code="a">(EXLNZ-41SLSP_NETWORK)991081869159705501</subfield></datafield><datafield ind1=" " ind2=" " tag="040"><subfield code="a">RERO geulit</subfield><subfield code="d">CH-ZuSLS</subfield></datafield><datafield ind1=" " ind2="7" tag="072"><subfield code="a">lg</subfield><subfield code="2">rero</subfield></datafield><datafield ind1=" " ind2="7" tag="072"><subfield code="a">lc</subfield><subfield code="2">rero</subfield></datafield><datafield ind1="0" ind2="0" tag="245"><subfield code="a">Specchi del senso</subfield><subfield code="b">le semiotiche speciali</subfield><subfield code="c">M.A. Bonfantini...[et al.] ; a cura di Massimo A. Bonfantini, Arturo Martone</subfield></datafield><datafield ind1=" " ind2="1" tag="264"><subfield code="a">Napoli</subfield><subfield code="b">Edizioni scientifiche italiane</subfield><subfield code="c">1991</subfield></datafield><datafield ind1=" " ind2=" " tag="300"><subfield code="a">140 p.</subfield><subfield code="c">23 cm</subfield></datafield><datafield ind1=" " ind2=" " tag="336"><subfield code="b">txt</subfield><subfield code="2">rdacontent</subfield></datafield><datafield ind1=" " ind2=" " tag="337"><subfield code="b">n</subfield><subfield code="2">rdamedia</subfield></datafield><datafield ind1=" " ind2=" " tag="338"><subfield code="b">nc</subfield><subfield code="2">rdacarrier</subfield></datafield><datafield ind1="1" ind2=" " tag="490"><subfield code="a">Semiosis</subfield><subfield code="v">1</subfield></datafield><datafield ind1="1" ind2=" " tag="700"><subfield code="a">Bonfantini, Massimo A.</subfield><subfield code="0">(IDREF)069402795</subfield></datafield><datafield ind1=" " ind2=" " tag="830"><subfield code="a">Semiosis</subfield><subfield code="v">1</subfield><subfield code="w">(RERO)2170799-41slsp</subfield></datafield><datafield ind1=" " ind2=" " tag="900"><subfield code="a">REROnoselfmerge</subfield></datafield><datafield ind1=" " ind2=" " tag="993"><subfield code="a">BFLA 100106</subfield><subfield code="x">ge/ulit/a/93/527</subfield><subfield code="9">LOCAL</subfield></datafield></record>
</metadata></record>