<record><header><identifier>oai:alma.41SLSP_UGE:991000030229705502</identifier><datestamp>2024-05-15T00:09:34Z</datestamp><setSpec>uge_bcen_RapidILL_BOOK</setSpec><setSpec>uge_aaca_RapidILL_BOOK</setSpec><setSpec>uge_abels_RapidILL_BOOK</setSpec><setSpec>uge_dbu_RapidILL_BOOK</setSpec><setSpec>uge_cmu_RapidILL_BOOK</setSpec><setSpec>uge_mail_RapidILL_BOOK</setSpec><setSpec>uge_abbat_RapidILL_BOOK</setSpec><setSpec>UNIGE_ALL</setSpec><setSpec>uge_aobs_RapidILL_BOOK</setSpec><setSpec>uge_acar_RapidILL_BOOK</setSpec></header><metadata>
<record xmlns="http://www.loc.gov/MARC21/slim" xmlns:xsi="http://www.w3.org/2001/XMLSchema-instance" xsi:schemaLocation="http://www.loc.gov/MARC21/slim http://www.loc.gov/standards/marcxml/schema/MARC21slim.xsd"><leader>02467nam a2200553 c 4500</leader><controlfield tag="001">991000030229705502</controlfield><controlfield tag="005">20240514135512.0</controlfield><controlfield tag="008">201011t20202020sz |||||      00| ||fre d</controlfield><datafield ind1=" " ind2=" " tag="035"><subfield code="a">(swissbib)212105906-41slsp_network</subfield></datafield><datafield ind1=" " ind2=" " tag="035"><subfield code="a">212105906</subfield><subfield code="9">ExL</subfield></datafield><datafield ind1=" " ind2=" " tag="035"><subfield code="a">(NEBIS)011612856EBI01</subfield></datafield><datafield ind1=" " ind2=" " tag="035"><subfield code="a">(RERO)R009049756-41slsp</subfield></datafield><datafield ind1=" " ind2=" " tag="035"><subfield code="a">(EXLNZ-41SLSP_NETWORK)991096314419705501</subfield></datafield><datafield ind1=" " ind2=" " tag="040"><subfield code="a">SzZuIDS NEBIS HES-EHL</subfield><subfield code="b">fre</subfield><subfield code="e">rda</subfield><subfield code="d">CH-ZuSLS</subfield></datafield><datafield ind1=" " ind2=" " tag="044"><subfield code="a">sz</subfield><subfield code="c">ch-zh</subfield></datafield><datafield ind1=" " ind2="7" tag="072"><subfield code="a">ss</subfield><subfield code="2">rero</subfield></datafield><datafield ind1="7" ind2="4" tag="082"><subfield code="a">650</subfield><subfield code="2">23sdnb</subfield></datafield><datafield ind1="1" ind2=" " tag="100"><subfield code="6">880-01</subfield><subfield code="a">Bertail, Patrice</subfield><subfield code="d">1964-</subfield><subfield code="0">(DE-588)171437047</subfield><subfield code="e">auteur</subfield><subfield code="4">aut</subfield></datafield><datafield ind1="1" ind2=" " tag="880"><subfield code="6">100-01</subfield><subfield code="a">Bertail, Patrice</subfield><subfield code="d">1964-....</subfield><subfield code="0">(IDREF)034681280</subfield><subfield code="4">aut</subfield></datafield><datafield ind1="1" ind2="0" tag="245"><subfield code="a">Algorithmes et discrimination</subfield><subfield code="b">les biais dans les RH</subfield><subfield code="c">Patrice Bertail, David Bounie, Stephan Clémençon et Patrick Waelbroeck</subfield></datafield><datafield ind1=" " ind2="1" tag="264"><subfield code="a">Zurich</subfield><subfield code="b">ALMA Medien AG</subfield><subfield code="c">[2020]</subfield></datafield><datafield ind1=" " ind2="4" tag="264"><subfield code="c">©2020</subfield></datafield><datafield ind1=" " ind2=" " tag="300"><subfield code="a">41 pages</subfield><subfield code="b">illustrations</subfield></datafield><datafield ind1=" " ind2=" " tag="336"><subfield code="b">txt</subfield><subfield code="2">rdacontent</subfield></datafield><datafield ind1=" " ind2=" " tag="337"><subfield code="b">n</subfield><subfield code="2">rdamedia</subfield></datafield><datafield ind1=" " ind2=" " tag="338"><subfield code="b">nc</subfield><subfield code="2">rdacarrier</subfield></datafield><datafield ind1="1" ind2=" " tag="490"><subfield code="a">Dossier HRM</subfield><subfield code="v">No 58</subfield></datafield><datafield ind1=" " ind2="7" tag="650"><subfield code="a">ANALYSE DE DONNÉES (STATISTIQUE MATHÉMATIQUE)</subfield><subfield code="9">fre</subfield><subfield code="0">(ETHUDK)000013633</subfield><subfield code="2">ethudk</subfield></datafield><datafield ind1=" " ind2="7" tag="650"><subfield code="a">DATA MINING (STATISTIQUE MATHÉMATIQUE)</subfield><subfield code="9">fre</subfield><subfield code="0">(ETHUDK)000062805</subfield><subfield code="2">ethudk</subfield></datafield><datafield ind1=" " ind2="7" tag="650"><subfield code="a">RECRUTEMENT DES TRAVAILLEURS + SÉLECTION DES EMPLOYÉS</subfield><subfield code="9">fre</subfield><subfield code="0">(ETHUDK)000032552</subfield><subfield code="2">ethudk</subfield></datafield><datafield ind1=" " ind2="7" tag="650"><subfield code="a">Employeurs</subfield><subfield code="0">(IDREF)027792056</subfield><subfield code="2">idref</subfield></datafield><datafield ind1=" " ind2="7" tag="650"><subfield code="a">Ressources humaines</subfield><subfield code="0">(IDREF)02768315X</subfield><subfield code="2">idref</subfield></datafield><datafield ind1=" " ind2="7" tag="650"><subfield code="a">Entreprises</subfield><subfield code="0">(IDREF)027467473</subfield><subfield code="2">idref</subfield></datafield><datafield ind1=" " ind2="7" tag="650"><subfield code="a">Personnel</subfield><subfield code="0">(IDREF)027791106</subfield><subfield code="2">idref</subfield></datafield><datafield ind1=" " ind2="7" tag="650"><subfield code="a">Algorithmes</subfield><subfield code="0">(IDREF)027282171</subfield><subfield code="2">idref</subfield></datafield><datafield ind1=" " ind2="7" tag="650"><subfield code="a">Recrutement</subfield><subfield code="0">(IDREF)027798887</subfield><subfield code="2">idref</subfield></datafield><datafield ind1=" " ind2="7" tag="650"><subfield code="a">Discrimination</subfield><subfield code="0">(IDREF)027803465</subfield><subfield code="2">idref</subfield></datafield><datafield ind1=" " ind2="7" tag="650"><subfield code="a">Personalbeschaffung</subfield><subfield code="2">gnd</subfield><subfield code="0">(DE-588)4121462-6</subfield></datafield><datafield ind1=" " ind2="7" tag="650"><subfield code="a">Data Mining</subfield><subfield code="2">gnd</subfield><subfield code="0">(DE-588)4428654-5</subfield></datafield><datafield ind1=" " ind2="7" tag="650"><subfield code="a">Diskriminierung</subfield><subfield code="2">gnd</subfield><subfield code="0">(DE-588)4012472-1</subfield></datafield><datafield ind1="1" ind2=" " tag="700"><subfield code="a">Bounie, David</subfield><subfield code="0">(DE-588)171887344</subfield><subfield code="e">auteur</subfield><subfield code="4">aut</subfield></datafield><datafield ind1="1" ind2=" " tag="700"><subfield code="a">Clémençon, Stephan</subfield><subfield code="e">auteur</subfield><subfield code="4">aut</subfield></datafield><datafield ind1="1" ind2=" " tag="700"><subfield code="a">Waelbroeck, Patrick</subfield><subfield code="0">(DE-588)171609484</subfield><subfield code="e">auteur</subfield><subfield code="4">aut</subfield></datafield><datafield ind1=" " ind2="0" tag="830"><subfield code="a">HRM-Dossier</subfield><subfield code="v">58</subfield><subfield code="w">(RERO)R003154396-41slsp</subfield></datafield><datafield ind1=" " ind2="0" tag="830"><subfield code="a">HRM-Dossier</subfield><subfield code="v">58</subfield><subfield code="w">(NEBIS)001979479EBI01</subfield></datafield><datafield ind1="4" ind2="2" tag="856"><subfield code="3">Page de titre et table des matières</subfield><subfield code="q">PDF</subfield><subfield code="u">https://urn.ub.unibe.ch/urn:ch:slsp:zbz:991096314419705501:ihv:pdf</subfield></datafield><datafield ind1=" " ind2=" " tag="900"><subfield code="a">REROnoselfmerge</subfield></datafield><datafield ind1=" " ind2=" " tag="900"><subfield code="a">OK_GND</subfield><subfield code="x">UZB/Z01/202405/saum</subfield></datafield><datafield ind1=" " ind2=" " tag="900"><subfield code="a">Stoppsignal FRED</subfield><subfield code="x">UZB/Z01/202405</subfield></datafield><datafield ind1=" " ind2=" " tag="949"><subfield code="a">https://urn.ub.unibe.ch/urn:ch:slsp:zbz:991096314419705501:ihv:pdf</subfield></datafield></record>
</metadata></record>