<record><header><identifier>oai:alma.41SLSP_UGE:991000030329705502</identifier><datestamp>2024-11-06T01:07:19Z</datestamp><setSpec>uge_bcen_RapidILL_BOOK</setSpec><setSpec>uge_aaca_RapidILL_BOOK</setSpec><setSpec>uge_abels_RapidILL_BOOK</setSpec><setSpec>uge_dbu_RapidILL_BOOK</setSpec><setSpec>uge_cmu_RapidILL_BOOK</setSpec><setSpec>uge_mail_RapidILL_BOOK</setSpec><setSpec>uge_abbat_RapidILL_BOOK</setSpec><setSpec>UNIGE_ALL</setSpec><setSpec>uge_aobs_RapidILL_BOOK</setSpec><setSpec>uge_acar_RapidILL_BOOK</setSpec></header><metadata>
<record xmlns="http://www.loc.gov/MARC21/slim" xmlns:xsi="http://www.w3.org/2001/XMLSchema-instance" xsi:schemaLocation="http://www.loc.gov/MARC21/slim http://www.loc.gov/standards/marcxml/schema/MARC21slim.xsd"><leader>07185nam a2201021 c 4500</leader><controlfield tag="001">991000030329705502</controlfield><controlfield tag="005">20241105074709.0</controlfield><controlfield tag="008">201011s2015    sz       m    00| | ger  </controlfield><datafield ind1=" " ind2=" " tag="020"><subfield code="a">9783034012386</subfield><subfield code="c">CHF 58.00</subfield></datafield><datafield ind1=" " ind2=" " tag="035"><subfield code="a">(swissbib)21688540X-41slsp_network</subfield></datafield><datafield ind1=" " ind2=" " tag="035"><subfield code="a">21688540X</subfield><subfield code="9">ExL</subfield></datafield><datafield ind1=" " ind2=" " tag="035"><subfield code="a">(NEBIS)010161068EBI01</subfield></datafield><datafield ind1=" " ind2=" " tag="035"><subfield code="a">(RERO)R007850084-41slsp</subfield></datafield><datafield ind1=" " ind2=" " tag="035"><subfield code="a">(IDSBB)006277451DSV01</subfield></datafield><datafield ind1=" " ind2=" " tag="035"><subfield code="a">(IDSSG)000702714HSB01</subfield></datafield><datafield ind1=" " ind2=" " tag="035"><subfield code="a">(SBT)000748594SBT01</subfield></datafield><datafield ind1=" " ind2=" " tag="035"><subfield code="a">(ABN)000764518ABN01</subfield></datafield><datafield ind1=" " ind2=" " tag="035"><subfield code="a">(ALEX)bv9925820192901791</subfield></datafield><datafield ind1=" " ind2=" " tag="035"><subfield code="a">(EXLNZ-41SLSP_NETWORK)991066740369705501</subfield></datafield><datafield ind1=" " ind2=" " tag="040"><subfield code="a">SzZuIDS NEBIS FHNW-AG</subfield><subfield code="b">ger</subfield><subfield code="e">rda</subfield><subfield code="d">CH-ZuSLS</subfield></datafield><datafield ind1=" " ind2=" " tag="044"><subfield code="a">sz</subfield><subfield code="c">ch-zh</subfield></datafield><datafield ind1=" " ind2="7" tag="072"><subfield code="a">ht</subfield><subfield code="2">rero</subfield></datafield><datafield ind1=" " ind2="7" tag="072"><subfield code="a">sg</subfield><subfield code="2">SzZuIDS BS/BE</subfield></datafield><datafield ind1=" " ind2="7" tag="072"><subfield code="a">se</subfield><subfield code="2">rero</subfield></datafield><datafield ind1="0" ind2="4" tag="082"><subfield code="a">387.7094940904</subfield><subfield code="2">22</subfield></datafield><datafield ind1="1" ind2="4" tag="082"><subfield code="a">949.4</subfield><subfield code="2">15</subfield></datafield><datafield ind1="1" ind2=" " tag="100"><subfield code="6">880-01</subfield><subfield code="a">Meyer, Benedikt</subfield><subfield code="d">1982-</subfield><subfield code="0">(DE-588)1053775040</subfield><subfield code="e">Verfasser</subfield><subfield code="4">aut</subfield></datafield><datafield ind1="1" ind2=" " tag="880"><subfield code="6">100-01</subfield><subfield code="a">Meyer, Benedikt</subfield><subfield code="d">1982-....</subfield><subfield code="0">(IDREF)272223123</subfield><subfield code="4">aut</subfield></datafield><datafield ind1="1" ind2="0" tag="245"><subfield code="a">Im Flug</subfield><subfield code="b">Schweizer Airlines und ihre Passagiere, 1919-2002</subfield><subfield code="c">Benedikt Meyer</subfield></datafield><datafield ind1=" " ind2="1" tag="264"><subfield code="a">Zürich</subfield><subfield code="b">Chronos</subfield><subfield code="c">[2015]</subfield></datafield><datafield ind1=" " ind2=" " tag="300"><subfield code="a">370 Seiten</subfield><subfield code="b">Illustrationen</subfield></datafield><datafield ind1=" " ind2=" " tag="336"><subfield code="b">txt</subfield><subfield code="2">rdacontent</subfield></datafield><datafield ind1=" " ind2=" " tag="337"><subfield code="b">n</subfield><subfield code="2">rdamedia</subfield></datafield><datafield ind1=" " ind2=" " tag="338"><subfield code="b">nc</subfield><subfield code="2">rdacarrier</subfield></datafield><datafield ind1="1" ind2=" " tag="490"><subfield code="a">Verkehrsgeschichte Schweiz</subfield><subfield code="v">Band 2</subfield></datafield><datafield ind1=" " ind2=" " tag="500"><subfield code="a">Hier auch später erschienene, unveränderte Auflagen</subfield></datafield><datafield ind1=" " ind2=" " tag="500"><subfield code="a">Betrifft auch die Fluggesellschaft Alpar (1929-1949)</subfield><subfield code="5">B412</subfield></datafield><datafield ind1=" " ind2=" " tag="502"><subfield code="b">Dissertation</subfield><subfield code="c">Universität Bern</subfield><subfield code="d">2013</subfield></datafield><datafield ind1=" " ind2=" " tag="502"><subfield code="a">Verschlankte und gek. Diss. philos.-hist. Fak. Univ. Bern, 2013</subfield></datafield><datafield ind1=" " ind2=" " tag="504"><subfield code="a">Quellen und Literatur: S. 355-370</subfield></datafield><datafield ind1=" " ind2=" " tag="520"><subfield code="a">Die Swissair war ein Sonderfall. Zehnmal so gross wie Austrian Airlines, fast halb so gross wie die Lufthansa. Ausserdem war sie unerhört profitabel und verfügte weltweit über einen erstklassigen Ruf. Wie kam die Schweiz zu dieser sagenhaften Airline? Und weshalb verschwand sie wieder? Erstmals wird die Geschichte der Swissair wissenschaftlich und in vollem Umfang untersucht. Benedikt Meyer zeichnet ein Panorama der Schweizer Luftverkehrsgeschichte. In dieses fliessen Verwaltungsratsprotokolle, Bildquellen und viel weiteres Archivmaterial ein - nicht nur aus den Beständen der Swissair, des Bundes und der Kantone, sondern auch von kleineren Airlines. Denn auch Ad Astra, Alpar, Balair, SATA oder Crossair sind Thema der ersten umfassenden Studie zur Geschichte von Angebot und Nachfrage im Schweizer Luftverkehr. Diese wird im internationalen Kontext ausgeleuchtet und mit umfangreichem statistischem Material dokumentiert: von der Entwicklung der Passagierzahlen über die Flugpreise bis hin zu den Löhnen der Piloten. Ein besonderes Schlaglicht fällt auf die Reisenden: Wer waren sie? Weshalb flogen sie? Wohin? Und was erlebten sie unterwegs? Am Anfang war ein Kleinstaat, der seine Flieger vernachlässigte. Daraus entstand eine der überraschendsten Erfolgsstorys der Luftfahrtgeschichte - und einer ihrer spektakulärsten Crashs. &lt;&lt;Im Flug&gt;&gt; erzählt die packende Geschichte der Schweizer Airlines und ihrer Passagiere zwischen 1919 und 2002.</subfield></datafield><datafield ind1=" " ind2=" " tag="520"><subfield code="a">Betr. die Fluggesellschaften Ad Astra, Balair und Crossair</subfield><subfield code="5">ubs-A115</subfield></datafield><datafield ind1="2" ind2="7" tag="610"><subfield code="a">Swissair, Schweizerische Luftverkehr-Aktiengesellschaft</subfield><subfield code="0">(DE-588)74028-7</subfield><subfield code="2">gnd</subfield></datafield><datafield ind1=" " ind2="7" tag="648"><subfield code="a">Geschichte 1919-2003</subfield><subfield code="2">gnd</subfield></datafield><datafield ind1=" " ind2="7" tag="648"><subfield code="a">Geschichte 1900-2000</subfield><subfield code="2">idszbz</subfield></datafield><datafield ind1=" " ind2="7" tag="648"><subfield code="a">Geschichte 1919-2002</subfield><subfield code="2">gnd</subfield></datafield><datafield ind1=" " ind2="7" tag="650"><subfield code="a">GESCHICHTE DER LUFTFAHRT</subfield><subfield code="9">ger</subfield><subfield code="0">(ETHUDK)000041241</subfield><subfield code="2">ethudk</subfield></datafield><datafield ind1=" " ind2="7" tag="650"><subfield code="a">LUFTVERKEHRSGESELLSCHAFTEN (VERKEHR UND TRANSPORT)</subfield><subfield code="9">ger</subfield><subfield code="0">(ETHUDK)000032440</subfield><subfield code="2">ethudk</subfield></datafield><datafield ind1=" " ind2="7" tag="650"><subfield code="a">SCHWEIZ (MITTELEUROPA). SCHWEIZERISCHE EIDGENOSSENSCHAFT</subfield><subfield code="9">ger</subfield><subfield code="0">(ETHUDK)000004571</subfield><subfield code="2">ethudk</subfield></datafield><datafield ind1=" " ind2="7" tag="650"><subfield code="a">&quot;1919/2002&quot;</subfield><subfield code="2">ethudk</subfield></datafield><datafield ind1=" " ind2="7" tag="650"><subfield code="a">Transports aériens</subfield><subfield code="0">(IDREF)027254410</subfield><subfield code="2">idref</subfield></datafield><datafield ind1=" " ind2="7" tag="650"><subfield code="a">Compagnies de transport aérien</subfield><subfield code="0">(IDREF)027588904</subfield><subfield code="2">idref</subfield></datafield><datafield ind1=" " ind2="7" tag="650"><subfield code="a">Transport de voyageurs</subfield><subfield code="0">(IDREF)027371832</subfield><subfield code="2">idref</subfield></datafield><datafield ind1=" " ind2="7" tag="650"><subfield code="a">20e siècle</subfield><subfield code="0">(IDREF)086305646</subfield><subfield code="2">idref</subfield></datafield><datafield ind1=" " ind2="7" tag="650"><subfield code="a">Luftverkehr</subfield><subfield code="0">(DE-588)4036597-9</subfield><subfield code="2">gnd</subfield></datafield><datafield ind1=" " ind2="7" tag="650"><subfield code="a">Luftverkehr</subfield><subfield code="0">(DE-STW)13246-3</subfield><subfield code="2">stw</subfield></datafield><datafield ind1=" " ind2="7" tag="650"><subfield code="a">Verkehrsgeschichte</subfield><subfield code="0">(DE-STW)13511-3</subfield><subfield code="2">stw</subfield></datafield><datafield ind1=" " ind2="7" tag="650"><subfield code="a">Luftfahrt</subfield><subfield code="0">(DE-588)4036557-8</subfield><subfield code="2">gnd</subfield></datafield><datafield ind1=" " ind2="7" tag="650"><subfield code="a">Luftverkehrsgesellschaft</subfield><subfield code="0">(DE-588)4036559-1</subfield><subfield code="2">gnd</subfield></datafield><datafield ind1=" " ind2="7" tag="651"><subfield code="a">Suisse</subfield><subfield code="0">(IDREF)027249654</subfield><subfield code="2">idref</subfield></datafield><datafield ind1=" " ind2="7" tag="651"><subfield code="a">Schweiz</subfield><subfield code="0">(DE-588)4053881-3</subfield><subfield code="2">gnd</subfield></datafield><datafield ind1=" " ind2="7" tag="655"><subfield code="a">Hochschulschrift</subfield><subfield code="2">gnd-content</subfield></datafield><datafield ind1=" " ind2=" " tag="690"><subfield code="a">Luftverkehr</subfield><subfield code="2">rzh-UA</subfield></datafield><datafield ind1=" " ind2=" " tag="690"><subfield code="a">Schweiz</subfield><subfield code="2">rzh-UA</subfield></datafield><datafield ind1=" " ind2=" " tag="690"><subfield code="a">Swissair, Schweizerische Luftverkehr-Aktiengesellschaft</subfield><subfield code="2">rzh-UA</subfield></datafield><datafield ind1=" " ind2=" " tag="690"><subfield code="a">Luftfahrt, Alpar</subfield><subfield code="2">ube-BE</subfield></datafield><datafield ind1=" " ind2=" " tag="690"><subfield code="a">Luftverkehr</subfield><subfield code="2">ubs-FC</subfield></datafield><datafield ind1=" " ind2=" " tag="690"><subfield code="a">Verkehrsgeschichte</subfield><subfield code="2">ubs-FC</subfield></datafield><datafield ind1=" " ind2=" " tag="690"><subfield code="a">Balair</subfield><subfield code="2">ubs-AC</subfield></datafield><datafield ind1=" " ind2=" " tag="690"><subfield code="a">Crossair</subfield><subfield code="2">ubs-AC</subfield></datafield><datafield ind1=" " ind2=" " tag="690"><subfield code="a">Luftverkehr; Angebot; wirtschaftlicher Bedarf; Kontext; Tabellenwerk; Druckschrift; Flug; Kritik; Luftverkehrsgesellschaft; Mail</subfield><subfield code="2">idssg-J</subfield></datafield><datafield ind1=" " ind2=" " tag="690"><subfield code="a">Zwischenfazit; Abbildungsverzeichnis; Amtsdruckschrift; Linienwahl; Onlinequellen; Quellenkritik; Erfolgsgeschichte; Audioreferenz; Charterairline; Chartersektor; Forschungsstand; Fragestellung; Genfersee; Jahresstatistik; Jetzeitalter; Mauerfall; Nachkriegsnomade; Neubeginn; Neustart; Quellencharakter; Quellenlage; Ölpreis</subfield><subfield code="2">idssg-J</subfield></datafield><datafield ind1=" " ind2=" " tag="690"><subfield code="a">allgemeiner Neubeginn; allgemeines Wachstum; allgemeiner Aufbruch; allgemeiner Boom; allgemeine Entwicklung; allgemeine Verhärtung; allgemeiner Ölpreis; deutscher Schub; einfache Tochter; erst Baiair; finsterer Horizont; heikele Linienwahl; hohes Niveau; kleiner Flieger; methodisches Vorgehen; schleppender Neubeginn; schweizer Luftverkehr; schweizer Pionier; stille Krise; theoretischer Bezug; turbulenter Neustart; ungebremstes Wachstum; ungedruckte Quelle; verspäteter Abflug</subfield><subfield code="2">idssg-J</subfield></datafield><datafield ind1=" " ind2=" " tag="690"><subfield code="a">Schweiz C4EXSI; Atlantischer Ozean C0ATLA; Welt C00WOR</subfield><subfield code="2">idssg-J</subfield></datafield><datafield ind1=" " ind2=" " tag="690"><subfield code="a">allgemein Schleppender Neubeginn; allgemein Ungebremstes Wachstum; allgemein Ölpreise Perestroika Jugendzentren; Amtsdruckschrift Periodika Zeitungen; Astra Baiair Deutscher Schub; Baiair Globe; Benedikt Meyer Schweizer Airlines; Easyjet Low Cost; Flug Schweizer Airlines; Globe Air Trugbilder; Ikarus; Luftverkehr Liberalisierung Schocks; Passagier Fabers Welt; passagier Of; Picasso; Swissair SAir Group; Swissair Stille Krisen</subfield><subfield code="2">idssg-J</subfield></datafield><datafield ind1=" " ind2=" " tag="691"><subfield code="e">2.8.10.3.2</subfield><subfield code="2">ube-GA</subfield></datafield><datafield ind1=" " ind2=" " tag="691"><subfield code="e">3.2.7.1</subfield><subfield code="2">ubs-FA</subfield></datafield><datafield ind1=" " ind2=" " tag="691"><subfield code="e">387.709494</subfield><subfield code="a">Trasporti aerei. Svizzera</subfield><subfield code="2">usi-TE</subfield></datafield><datafield ind1=" " ind2="0" tag="830"><subfield code="a">Verkehrsgeschichte Schweiz</subfield><subfield code="v">2</subfield><subfield code="w">(NEBIS)010169454EBI01</subfield></datafield><datafield ind1=" " ind2="0" tag="830"><subfield code="a">Verkehrsgeschichte Schweiz</subfield><subfield code="v">2</subfield><subfield code="w">(IDSBB)006272217DSV01</subfield></datafield><datafield ind1=" " ind2="0" tag="830"><subfield code="a">Verkehrsgeschichte Schweiz</subfield><subfield code="v">2</subfield><subfield code="w">(RERO)R007796000-41slsp</subfield></datafield><datafield ind1="4" ind2="2" tag="856"><subfield code="3">Titelblatt und Inhaltsverzeichnis</subfield><subfield code="u">https://toc.library.ethz.ch/objects/pdf03/z01_978-3-0340-1238-6_01.pdf</subfield><subfield code="q">pdf</subfield></datafield><datafield ind1="4" ind2="2" tag="856"><subfield code="3">Abstract / Autoreninformation</subfield><subfield code="u">https://toc.library.ethz.ch/objects/pdf03/e03_978-3-0340-1238-6_02.pdf</subfield><subfield code="q">pdf</subfield></datafield><datafield ind1=" " ind2=" " tag="900"><subfield code="a">IDSZ2zbzmon201705e</subfield><subfield code="c">IDSZ2kalh</subfield><subfield code="d">IDSZ2zbzswk201502g</subfield><subfield code="e">IDSZ2stet</subfield></datafield><datafield ind1=" " ind2=" " tag="900"><subfield code="a">IDSE5E19ANH-2014</subfield></datafield><datafield ind1=" " ind2=" " tag="900"><subfield code="a">IDSZ1ZH</subfield></datafield><datafield ind1=" " ind2=" " tag="900"><subfield code="a">REROnoselfmerge</subfield></datafield><datafield ind1=" " ind2=" " tag="949"><subfield code="a">https://toc.library.ethz.ch/objects/pdf03/z01_978-3-0340-1238-6_01.pdf</subfield></datafield><datafield ind1=" " ind2=" " tag="949"><subfield code="a">https://toc.library.ethz.ch/objects/pdf03/e03_978-3-0340-1238-6_02.pdf</subfield></datafield></record>
</metadata></record>