<record><header><identifier>oai:alma.41SLSP_UGE:991000030639705502</identifier><datestamp>2023-03-01T01:09:18Z</datestamp><setSpec>uge_bcen_RapidILL_BOOK</setSpec><setSpec>uge_aaca_RapidILL_BOOK</setSpec><setSpec>uge_abels_RapidILL_BOOK</setSpec><setSpec>uge_dbu_RapidILL_BOOK</setSpec><setSpec>uge_cmu_RapidILL_BOOK</setSpec><setSpec>uge_mail_RapidILL_BOOK</setSpec><setSpec>UNIGE_ALL</setSpec><setSpec>uge_abbat_RapidILL_BOOK</setSpec><setSpec>uge_aobs_RapidILL_BOOK</setSpec><setSpec>uge_acar_RapidILL_BOOK</setSpec></header><metadata>
<record xmlns="http://www.loc.gov/MARC21/slim" xmlns:xsi="http://www.w3.org/2001/XMLSchema-instance" xsi:schemaLocation="http://www.loc.gov/MARC21/slim http://www.loc.gov/standards/marcxml/schema/MARC21slim.xsd"><leader>03299nam a2200361 c 4500</leader><controlfield tag="001">991000030639705502</controlfield><controlfield tag="005">20201225184333.0</controlfield><controlfield tag="008">860905s1966    ru ||||| |||| 00| ||rus d</controlfield><datafield ind1=" " ind2=" " tag="035"><subfield code="a">(swissbib)081070969-41slsp_network</subfield></datafield><datafield ind1=" " ind2=" " tag="035"><subfield code="a">081070969</subfield><subfield code="9">ExL</subfield></datafield><datafield ind1=" " ind2=" " tag="035"><subfield code="a">(RERO)0749179-41slsp</subfield></datafield><datafield ind1=" " ind2=" " tag="035"><subfield code="a">(EXLNZ-41SLSP_NETWORK)991064769369705501</subfield></datafield><datafield ind1=" " ind2=" " tag="040"><subfield code="a">RERO geudbu</subfield><subfield code="d">CH-ZuSLS</subfield></datafield><datafield ind1=" " ind2="7" tag="072"><subfield code="a">ru</subfield><subfield code="2">rero</subfield></datafield><datafield ind1="1" ind2=" " tag="100"><subfield code="6">880-01</subfield><subfield code="a">Outkine, Iosif Pavlovitch</subfield><subfield code="d">1903-1944</subfield><subfield code="0">(IDREF)031304915</subfield><subfield code="4">cre</subfield></datafield><datafield ind1="1" ind2=" " tag="880"><subfield code="6">100-01/(N</subfield><subfield code="a">Уткин, Иосиф Павлович</subfield></datafield><datafield ind1="1" ind2="0" tag="245"><subfield code="6">880-02</subfield><subfield code="a">Stikhotvorenii︠a︡ i poėmy</subfield><subfield code="c">Iosif Utkin ; vstupitelʹnai︠a︡ statʹi︠a︡, podgotovka teksta i primechanii︠a︡ A.A. Saaki︠a︡nt︠s︡</subfield></datafield><datafield ind1="1" ind2="0" tag="880"><subfield code="6">245-02/(N</subfield><subfield code="a">Стихотворения и поэмы</subfield><subfield code="c">Иосиф Уткин ; вступительная статья, подготовка текста и примечания A.A. Саакянц</subfield></datafield><datafield ind1="1" ind2=" " tag="246"><subfield code="a">Stichotvorenija i poėmy / Iosif Utkin ; vstupitelʹnaja statʹja, podgotovka teksta i primečanija A.A. Saakjanc</subfield></datafield><datafield ind1=" " ind2=" " tag="250"><subfield code="6">880-03</subfield><subfield code="a">Izd. 2e</subfield></datafield><datafield ind1=" " ind2=" " tag="880"><subfield code="6">250-03/(N</subfield><subfield code="a">Изд. 2e</subfield></datafield><datafield ind1=" " ind2="1" tag="264"><subfield code="6">880-04</subfield><subfield code="a">Moskva</subfield><subfield code="a">Leningrad</subfield><subfield code="b">Sovetskij pisatel'</subfield><subfield code="c">1966</subfield></datafield><datafield ind1=" " ind2="1" tag="880"><subfield code="6">264-04/(N</subfield><subfield code="a">Москва</subfield><subfield code="a">Ленинград</subfield><subfield code="b">Советский писатель</subfield><subfield code="c">1966</subfield></datafield><datafield ind1=" " ind2=" " tag="300"><subfield code="a">382 p., [2] f. de pl.</subfield><subfield code="c">21 cm</subfield></datafield><datafield ind1=" " ind2=" " tag="336"><subfield code="b">txt</subfield><subfield code="2">rdacontent</subfield></datafield><datafield ind1=" " ind2=" " tag="337"><subfield code="b">n</subfield><subfield code="2">rdamedia</subfield></datafield><datafield ind1=" " ind2=" " tag="338"><subfield code="b">nc</subfield><subfield code="2">rdacarrier</subfield></datafield><datafield ind1="1" ind2=" " tag="490"><subfield code="6">880-05</subfield><subfield code="a">Biblioteka Poėta. Bol'šaja serija</subfield></datafield><datafield ind1="0" ind2=" " tag="880"><subfield code="6">490-05/(N</subfield><subfield code="a">Библиотека Поэта. Большая серия</subfield></datafield><datafield ind1="1" ind2=" " tag="700"><subfield code="6">880-06</subfield><subfield code="a">Saakiants, Anna Aleksandrovna</subfield><subfield code="d">1932-2002</subfield><subfield code="0">(IDREF)034895868</subfield></datafield><datafield ind1="1" ind2=" " tag="880"><subfield code="6">700-06/(N</subfield><subfield code="a">Саакянц, Анна Александровна</subfield></datafield><datafield ind1=" " ind2=" " tag="830"><subfield code="6">880-07</subfield><subfield code="a">Biblioteka poėta</subfield><subfield code="p">Bolʹshai︠a︡ serii︠a︡</subfield><subfield code="w">(RERO)0441878-41slsp</subfield></datafield><datafield ind1=" " ind2="0" tag="880"><subfield code="6">830-07/(N</subfield><subfield code="a">Библиотека поэта</subfield><subfield code="p">Большая серия</subfield></datafield><datafield ind1=" " ind2=" " tag="900"><subfield code="a">REROnoselfmerge</subfield></datafield></record>
</metadata></record>