<record><header><identifier>oai:alma.41SLSP_UGE:991000030449705502</identifier><datestamp>2023-07-21T00:15:13Z</datestamp><setSpec>uge_bcen_RapidILL_BOOK</setSpec><setSpec>uge_aaca_RapidILL_BOOK</setSpec><setSpec>uge_abels_RapidILL_BOOK</setSpec><setSpec>uge_dbu_RapidILL_BOOK</setSpec><setSpec>uge_cmu_RapidILL_BOOK</setSpec><setSpec>uge_mail_RapidILL_BOOK</setSpec><setSpec>uge_abbat_RapidILL_BOOK</setSpec><setSpec>UNIGE_ALL</setSpec><setSpec>uge_aobs_RapidILL_BOOK</setSpec><setSpec>uge_acar_RapidILL_BOOK</setSpec></header><metadata>
<record xmlns="http://www.loc.gov/MARC21/slim" xmlns:xsi="http://www.w3.org/2001/XMLSchema-instance" xsi:schemaLocation="http://www.loc.gov/MARC21/slim http://www.loc.gov/standards/marcxml/schema/MARC21slim.xsd"><leader>01205naa a2200277 c 4500</leader><controlfield tag="001">991000030449705502</controlfield><controlfield tag="005">20230720185012.0</controlfield><controlfield tag="008">000920s1992    sz ||||| |||| 00| ||fre d</controlfield><datafield ind1=" " ind2=" " tag="035"><subfield code="a">(swissbib)088283674-41slsp_network</subfield></datafield><datafield ind1=" " ind2=" " tag="035"><subfield code="a">088283674</subfield><subfield code="9">ExL</subfield></datafield><datafield ind1=" " ind2=" " tag="035"><subfield code="a">(RERO)1786844-41slsp</subfield></datafield><datafield ind1=" " ind2=" " tag="035"><subfield code="a">(EXLNZ-41SLSP_NETWORK)991075707799705501</subfield></datafield><datafield ind1=" " ind2=" " tag="040"><subfield code="a">RERO geucmu</subfield><subfield code="d">CH-ZuSLS</subfield></datafield><datafield ind1=" " ind2=" " tag="044"><subfield code="a">sz</subfield><subfield code="c">ch-ge</subfield></datafield><datafield ind1=" " ind2="7" tag="072"><subfield code="a">me</subfield><subfield code="2">rero</subfield></datafield><datafield ind1="0" ind2="0" tag="245"><subfield code="a">Comparaison de l'efficacité et de la tolérance de l'érythropoïétine humaine recombinante entre l'administration intra-veineuse et sous-coutanée en hémodialyse chronique</subfield><subfield code="b">étude prospective multicentrique</subfield><subfield code="c">Patrick Ruedin... [et al.]</subfield></datafield><datafield ind1=" " ind2=" " tag="336"><subfield code="b">txt</subfield><subfield code="2">rdacontent</subfield></datafield><datafield ind1=" " ind2=" " tag="337"><subfield code="b">n</subfield><subfield code="2">rdamedia</subfield></datafield><datafield ind1=" " ind2=" " tag="338"><subfield code="b">nc</subfield><subfield code="2">rdacarrier</subfield></datafield><datafield ind1=" " ind2=" " tag="508"><subfield code="a">Autre(s) auteur(s): Catherine Stoerman, Antoinette Pechère-Bertschi et Michel Leski</subfield></datafield><datafield ind1=" " ind2=" " tag="580"><subfield code="a">In: Néphrologie. - Genève. - Vol. 13(1992), p. 87-92</subfield></datafield><datafield ind1="1" ind2=" " tag="700"><subfield code="a">Stoermann, Catherine</subfield><subfield code="0">(RERO)A003866505</subfield></datafield><datafield ind1="1" ind2=" " tag="700"><subfield code="a">Pechère-Bertschi, Antoinette</subfield><subfield code="0">(IDREF)256919925</subfield></datafield><datafield ind1="1" ind2=" " tag="700"><subfield code="a">Ruedin, Patrick</subfield><subfield code="0">(RERO)A003769596</subfield></datafield><datafield ind1="1" ind2=" " tag="700"><subfield code="a">Leski, Michel</subfield><subfield code="0">(RERO)A003514926</subfield></datafield><datafield ind1="0" ind2=" " tag="773"><subfield code="t">Néphrologie : journal trimestriel</subfield><subfield code="g">1992/87</subfield><subfield code="g">yr:1992</subfield><subfield code="w">(RERO)0634850-41slsp</subfield></datafield><datafield ind1=" " ind2=" " tag="900"><subfield code="a">REROnoselfmerge</subfield></datafield></record>
</metadata></record>