<record><header><identifier>oai:alma.41SLSP_UGE:991000030659705502</identifier><datestamp>2023-08-16T00:56:33Z</datestamp><setSpec>uge_bcen_RapidILL_BOOK</setSpec><setSpec>uge_aaca_RapidILL_BOOK</setSpec><setSpec>uge_abels_RapidILL_BOOK</setSpec><setSpec>uge_dbu_RapidILL_BOOK</setSpec><setSpec>uge_cmu_RapidILL_BOOK</setSpec><setSpec>uge_mail_RapidILL_BOOK</setSpec><setSpec>uge_abbat_RapidILL_BOOK</setSpec><setSpec>UNIGE_ALL</setSpec><setSpec>uge_acar_RapidILL_BOOK</setSpec><setSpec>uge_aobs_RapidILL_BOOK</setSpec></header><metadata>
<record xmlns="http://www.loc.gov/MARC21/slim" xmlns:xsi="http://www.w3.org/2001/XMLSchema-instance" xsi:schemaLocation="http://www.loc.gov/MARC21/slim http://www.loc.gov/standards/marcxml/schema/MARC21slim.xsd"><leader>03401nam a2200817 c 4500</leader><controlfield tag="001">991000030659705502</controlfield><controlfield tag="005">20230409221132.0</controlfield><controlfield tag="008">201011s2017    gw |||||      10| ||ger| </controlfield><datafield ind1=" " ind2=" " tag="015"><subfield code="a">18,A09</subfield><subfield code="z">17,N25</subfield><subfield code="2">dnb</subfield></datafield><datafield ind1="7" ind2=" " tag="016"><subfield code="a">1135289824</subfield><subfield code="2">DE-101</subfield></datafield><datafield ind1=" " ind2=" " tag="020"><subfield code="a">3374051448</subfield></datafield><datafield ind1=" " ind2=" " tag="020"><subfield code="a">9783374051441</subfield><subfield code="q">Broschur</subfield><subfield code="c">EUR 24.00 (DE), EUR 24.70 (AT)</subfield></datafield><datafield ind1="3" ind2=" " tag="024"><subfield code="a">9783374051441</subfield></datafield><datafield ind1=" " ind2=" " tag="035"><subfield code="a">(swissbib)223037419-41slsp_network</subfield></datafield><datafield ind1=" " ind2=" " tag="035"><subfield code="a">223037419</subfield><subfield code="9">ExL</subfield></datafield><datafield ind1=" " ind2=" " tag="035"><subfield code="a">(IDSLU)001315048ILU01</subfield></datafield><datafield ind1=" " ind2=" " tag="035"><subfield code="a">(IDSBB)006713412DSV01</subfield></datafield><datafield ind1=" " ind2=" " tag="035"><subfield code="a">(RERO)R008781679-41slsp</subfield></datafield><datafield ind1=" " ind2=" " tag="035"><subfield code="a">(NEBIS)011094135EBI01</subfield></datafield><datafield ind1=" " ind2=" " tag="035"><subfield code="a">(DE-599)DNB1135289824</subfield></datafield><datafield ind1=" " ind2=" " tag="035"><subfield code="a">(OCoLC)990782148</subfield></datafield><datafield ind1=" " ind2=" " tag="035"><subfield code="a">(EXLNZ-41SLSP_NETWORK)991036789299705501</subfield></datafield><datafield ind1=" " ind2=" " tag="040"><subfield code="a">1145</subfield><subfield code="b">ger</subfield><subfield code="e">rda</subfield><subfield code="d">CH-ZuSLS</subfield></datafield><datafield ind1="0" ind2=" " tag="041"><subfield code="a">ger</subfield></datafield><datafield ind1=" " ind2=" " tag="044"><subfield code="c">XA-DE-SN</subfield></datafield><datafield ind1=" " ind2="4" tag="050"><subfield code="a">BR856.35</subfield><subfield code="b">.D44 2017</subfield></datafield><datafield ind1=" " ind2="7" tag="072"><subfield code="a">760</subfield><subfield code="2">IDS LU</subfield></datafield><datafield ind1="0" ind2="4" tag="082"><subfield code="a">264.04094321</subfield><subfield code="2">22/ger</subfield><subfield code="q">DE-101</subfield></datafield><datafield ind1="1" ind2="4" tag="082"><subfield code="a">230</subfield><subfield code="2">15</subfield></datafield><datafield ind1="7" ind2=" " tag="083"><subfield code="a">230</subfield><subfield code="a">300</subfield><subfield code="a">720</subfield><subfield code="q">DE-101</subfield><subfield code="2">23sdnb</subfield></datafield><datafield ind1=" " ind2=" " tag="084"><subfield code="a">BS 7190</subfield><subfield code="2">rvk</subfield></datafield><datafield ind1=" " ind2=" " tag="084"><subfield code="a">300</subfield><subfield code="2">sdnb</subfield></datafield><datafield ind1=" " ind2=" " tag="084"><subfield code="a">720</subfield><subfield code="2">sdnb</subfield></datafield><datafield ind1=" " ind2=" " tag="084"><subfield code="a">230</subfield><subfield code="2">sdnb</subfield></datafield><datafield ind1=" " ind2=" " tag="085"><subfield code="b">264</subfield></datafield><datafield ind1=" " ind2=" " tag="085"><subfield code="s">284.0943</subfield></datafield><datafield ind1=" " ind2=" " tag="085"><subfield code="z">2</subfield><subfield code="s">4321</subfield></datafield><datafield ind1="2" ind2=" " tag="111"><subfield code="a">Liturgiewissenschaftliches Institut</subfield><subfield code="g">Leipzig</subfield><subfield code="e">Fachgespräch</subfield><subfield code="n">20.</subfield><subfield code="d">2016</subfield><subfield code="c">Leipzig</subfield><subfield code="0">(DE-588)1147648247</subfield></datafield><datafield ind1="1" ind2="0" tag="245"><subfield code="a">Nach der Volkskirche</subfield><subfield code="b">Gottesdienste feiern im konfessionslosen Raum</subfield><subfield code="c">Alexander Deeg, Christian Lehnert (Hrsg.)</subfield></datafield><datafield ind1=" " ind2=" " tag="250"><subfield code="a">[1. Auflage]</subfield></datafield><datafield ind1=" " ind2="1" tag="264"><subfield code="a">Leipzig</subfield><subfield code="b">Evangelische Verlagsanstalt</subfield><subfield code="c">[2017]</subfield></datafield><datafield ind1=" " ind2=" " tag="300"><subfield code="a">183 Seiten</subfield><subfield code="b">Illustrationen</subfield><subfield code="c">22 cm</subfield></datafield><datafield ind1=" " ind2=" " tag="336"><subfield code="b">txt</subfield><subfield code="2">rdacontent</subfield></datafield><datafield ind1=" " ind2=" " tag="337"><subfield code="b">n</subfield><subfield code="2">rdamedia</subfield></datafield><datafield ind1=" " ind2=" " tag="338"><subfield code="b">nc</subfield><subfield code="2">rdacarrier</subfield></datafield><datafield ind1="1" ind2=" " tag="490"><subfield code="a">Beiträge zu Liturgie und Spiritualität</subfield><subfield code="v">Band 30</subfield></datafield><datafield ind1=" " ind2=" " tag="500"><subfield code="a">Dokumentiert das 20. Fachgespräch des Liturgiewissenschaftlichen Institutes der VELKD in Leipzig vom 8. bis 10. Februar 2016.</subfield></datafield><datafield ind1=" " ind2="7" tag="650"><subfield code="a">Religiöses Leben</subfield><subfield code="0">(DE-588)4115741-2</subfield><subfield code="2">gnd</subfield></datafield><datafield ind1=" " ind2="7" tag="650"><subfield code="a">Religionslosigkeit</subfield><subfield code="0">(DE-588)4177742-6</subfield><subfield code="2">gnd</subfield></datafield><datafield ind1=" " ind2="7" tag="650"><subfield code="a">Gottesdienst</subfield><subfield code="0">(DE-588)4021671-8</subfield><subfield code="2">gnd</subfield></datafield><datafield ind1=" " ind2="7" tag="650"><subfield code="a">Kirchenbau</subfield><subfield code="0">(DE-588)4073436-5</subfield><subfield code="2">gnd</subfield></datafield><datafield ind1=" " ind2="7" tag="650"><subfield code="a">Säkularisierung</subfield><subfield code="0">(DE-588)4051238-1</subfield><subfield code="2">gnd</subfield></datafield><datafield ind1=" " ind2="7" tag="650"><subfield code="a">Konfessionsloser</subfield><subfield code="0">(DE-588)4298849-4</subfield><subfield code="2">gnd</subfield></datafield><datafield ind1=" " ind2="7" tag="650"><subfield code="a">Liturgik</subfield><subfield code="0">(DE-588)4128506-2</subfield><subfield code="2">gnd</subfield></datafield><datafield ind1=" " ind2="7" tag="650"><subfield code="a">Neubau</subfield><subfield code="0">(DE-588)4171533-0</subfield><subfield code="2">gnd</subfield></datafield><datafield ind1=" " ind2="7" tag="650"><subfield code="a">Religiöses Bewusstsein</subfield><subfield code="0">(DE-588)4177729-3</subfield><subfield code="2">gnd</subfield></datafield><datafield ind1=" " ind2="7" tag="650"><subfield code="a">Evangelische Kirche</subfield><subfield code="0">(DE-588)4015833-0</subfield><subfield code="2">gnd</subfield></datafield><datafield ind1=" " ind2="7" tag="651"><subfield code="a">Deutschland</subfield><subfield code="g">Östliche Länder</subfield><subfield code="0">(DE-588)4252579-2</subfield><subfield code="2">gnd</subfield></datafield><datafield ind1=" " ind2="0" tag="651"><subfield code="a">Germany (East)</subfield><subfield code="x">Church history</subfield></datafield><datafield ind1=" " ind2="0" tag="651"><subfield code="a">Germany (East)</subfield><subfield code="x">Religion</subfield></datafield><datafield ind1=" " ind2="7" tag="651"><subfield code="a">Leipzig</subfield><subfield code="0">(DE-588)4035206-7</subfield><subfield code="2">gnd</subfield></datafield><datafield ind1=" " ind2="7" tag="655"><subfield code="a">Konferenzschrift</subfield><subfield code="z">Leipzig</subfield><subfield code="y">2016</subfield><subfield code="2">gnd-content</subfield></datafield><datafield ind1="1" ind2=" " tag="700"><subfield code="a">Lehnert, Christian</subfield><subfield code="d">1969-</subfield><subfield code="0">(DE-588)115820388</subfield><subfield code="4">edt</subfield><subfield code="6">880-02</subfield></datafield><datafield ind1="1" ind2=" " tag="880"><subfield code="6">700-02</subfield><subfield code="a">Lehnert, Christian</subfield><subfield code="d">1969-....</subfield><subfield code="0">(IDREF)083865381</subfield></datafield><datafield ind1="1" ind2=" " tag="700"><subfield code="a">Deeg, Alexander</subfield><subfield code="d">1972-</subfield><subfield code="0">(DE-588)12501015X</subfield><subfield code="4">edt</subfield><subfield code="6">880-03</subfield></datafield><datafield ind1="1" ind2=" " tag="880"><subfield code="6">700-03</subfield><subfield code="a">Deeg, Alexander</subfield><subfield code="d">1972-....</subfield><subfield code="0">(IDREF)111894824</subfield></datafield><datafield ind1="4" ind2=" " tag="856"><subfield code="3">Inhaltsverzeichnis</subfield><subfield code="u">https://d-nb.info/1135289824/04</subfield><subfield code="q">pdf</subfield></datafield><datafield ind1="4" ind2="2" tag="856"><subfield code="q">text/html</subfield><subfield code="u">http://deposit.dnb.de/cgi-bin/dokserv?id=91538fff4dd94e8b81a7ca8b8cf7b540&amp;prov=M&amp;dok_var=1&amp;dok_ext=htm</subfield><subfield code="z">Inhaltstext</subfield></datafield><datafield ind1=" " ind2="0" tag="830"><subfield code="a">Beiträge zu Liturgie und Spiritualität</subfield><subfield code="v">30</subfield><subfield code="w">(RERO)R235907460-41slsp</subfield></datafield><datafield ind1=" " ind2=" " tag="900"><subfield code="a">Stoppsignal FRED</subfield></datafield><datafield ind1=" " ind2=" " tag="949"><subfield code="a">http://deposit.dnb.de/cgi-bin/dokserv?id=91538fff4dd94e8b81a7ca8b8cf7b540&amp;prov=M&amp;dok_var=1&amp;dok_ext=htm</subfield></datafield><datafield ind1=" " ind2=" " tag="949"><subfield code="a">https://d-nb.info/1135289824/04</subfield></datafield></record>
</metadata></record>