<record><header><identifier>oai:alma.41SLSP_UGE:991000029819705502</identifier><datestamp>2023-03-01T01:09:18Z</datestamp><setSpec>uge_cmu_RapidILL_JOURNAL</setSpec><setSpec>uge_aobs_RapidILL_JOURNAL</setSpec><setSpec>uge_aaca_RapidILL_JOURNAL</setSpec><setSpec>uge_bcen_RapidILL_JOURNAL</setSpec><setSpec>uge_abbat_RapidILL_JOURNAL</setSpec><setSpec>uge_mail_RapidILL_JOURNAL</setSpec><setSpec>uge_dbu_RapidILL_JOURNAL</setSpec><setSpec>UNIGE_ALL</setSpec><setSpec>uge_abels_RapidILL_JOURNAL</setSpec><setSpec>uge_acar_RapidILL_JOURNAL</setSpec></header><metadata>
<record xmlns="http://www.loc.gov/MARC21/slim" xmlns:xsi="http://www.w3.org/2001/XMLSchema-instance" xsi:schemaLocation="http://www.loc.gov/MARC21/slim http://www.loc.gov/standards/marcxml/schema/MARC21slim.xsd"><leader>01094nas a2200301 c 4500</leader><controlfield tag="001">991000029819705502</controlfield><controlfield tag="005">20201225165505.0</controlfield><controlfield tag="008">960525c19749999it || p|  ||| 0    0ita d</controlfield><datafield ind1=" " ind2=" " tag="022"><subfield code="a">0390-0851</subfield></datafield><datafield ind1=" " ind2=" " tag="035"><subfield code="a">(swissbib)079225993-41slsp_network</subfield></datafield><datafield ind1=" " ind2=" " tag="035"><subfield code="a">079225993</subfield><subfield code="9">ExL</subfield></datafield><datafield ind1=" " ind2=" " tag="035"><subfield code="a">(RERO)0470144-41slsp</subfield></datafield><datafield ind1=" " ind2=" " tag="035"><subfield code="a">(EXLNZ-41SLSP_NETWORK)991021044119705501</subfield></datafield><datafield ind1=" " ind2=" " tag="040"><subfield code="a">RERO</subfield><subfield code="d">CH-ZuSLS</subfield></datafield><datafield ind1="0" ind2=" " tag="041"><subfield code="a">ita</subfield><subfield code="a">fre</subfield><subfield code="a">eng</subfield></datafield><datafield ind1=" " ind2="7" tag="072"><subfield code="a">dr</subfield><subfield code="2">rero</subfield></datafield><datafield ind1=" " ind2=" " tag="084"><subfield code="a">A 18 f</subfield><subfield code="2">cjurrom</subfield></datafield><datafield ind1="0" ind2=" " tag="130"><subfield code="a">Sociologia del diritto</subfield><subfield code="g">Milano</subfield><subfield code="f">1974-</subfield></datafield><datafield ind1="1" ind2="0" tag="245"><subfield code="a">Sociologia del diritto</subfield><subfield code="c">a cura della Commissione permanente di sociologia del diritto-Centro nazionale di prevenzione e difesa sociale</subfield></datafield><datafield ind1=" " ind2="1" tag="264"><subfield code="a">Milano</subfield><subfield code="b">A. Giuffrè</subfield><subfield code="a">[poi] FAE Riviste</subfield></datafield><datafield ind1=" " ind2=" " tag="300"><subfield code="c">24 cm [puis] 22 cm</subfield></datafield><datafield ind1=" " ind2=" " tag="310"><subfield code="a">Semestriel puis quadrimestriel</subfield></datafield><datafield ind1=" " ind2=" " tag="336"><subfield code="b">txt</subfield><subfield code="2">rdacontent</subfield></datafield><datafield ind1=" " ind2=" " tag="337"><subfield code="b">n</subfield><subfield code="2">rdamedia</subfield></datafield><datafield ind1=" " ind2=" " tag="338"><subfield code="b">nc</subfield><subfield code="2">rdacarrier</subfield></datafield><datafield ind1="0" ind2=" " tag="362"><subfield code="a">1(1974)-</subfield></datafield><datafield ind1=" " ind2=" " tag="500"><subfield code="a">Les résumés des articles sont en anglais</subfield></datafield><datafield ind1="2" ind2=" " tag="710"><subfield code="a">Centro Nazionale di Prevenzione e Difesa Sociale. (Italia)</subfield><subfield code="b">Commissione permanente di sociologia del diritto</subfield><subfield code="0">(RERO)A003090382</subfield></datafield><datafield ind1=" " ind2=" " tag="900"><subfield code="a">REROnoselfmerge</subfield></datafield></record>
</metadata></record>