<record><header><identifier>oai:alma.41SLSP_UGE:991000030439705502</identifier><datestamp>2024-04-11T00:15:54Z</datestamp><setSpec>uge_bcen_RapidILL_BOOK</setSpec><setSpec>uge_aaca_RapidILL_BOOK</setSpec><setSpec>uge_abels_RapidILL_BOOK</setSpec><setSpec>uge_dbu_RapidILL_BOOK</setSpec><setSpec>uge_cmu_RapidILL_BOOK</setSpec><setSpec>uge_mail_RapidILL_BOOK</setSpec><setSpec>uge_abbat_RapidILL_BOOK</setSpec><setSpec>UNIGE_ALL</setSpec><setSpec>uge_aobs_RapidILL_BOOK</setSpec><setSpec>uge_acar_RapidILL_BOOK</setSpec></header><metadata>
<record xmlns="http://www.loc.gov/MARC21/slim" xmlns:xsi="http://www.w3.org/2001/XMLSchema-instance" xsi:schemaLocation="http://www.loc.gov/MARC21/slim http://www.loc.gov/standards/marcxml/schema/MARC21slim.xsd"><leader>05477nam a2201009 c 4500</leader><controlfield tag="001">991000030439705502</controlfield><controlfield tag="005">20240410142051.0</controlfield><controlfield tag="008">201012s2006    sz ||||| |||| 00| ||ger d</controlfield><datafield ind1=" " ind2=" " tag="015"><subfield code="a">GFR-DNB-04,N20,0359</subfield></datafield><datafield ind1=" " ind2=" " tag="020"><subfield code="a">3719022986</subfield><subfield code="q">Gb.</subfield><subfield code="c">ca. CHF 298.00, ca. EUR 186.00</subfield></datafield><datafield ind1=" " ind2=" " tag="020"><subfield code="a">9783719022983</subfield></datafield><datafield ind1=" " ind2=" " tag="035"><subfield code="a">(swissbib)237279290-41slsp_network</subfield></datafield><datafield ind1=" " ind2=" " tag="035"><subfield code="a">237279290</subfield><subfield code="9">ExL</subfield></datafield><datafield ind1=" " ind2=" " tag="035"><subfield code="a">(RERO)bv001282900-41slsp</subfield></datafield><datafield ind1=" " ind2=" " tag="035"><subfield code="a">(IDSSG)000297858HSB01</subfield></datafield><datafield ind1=" " ind2=" " tag="035"><subfield code="a">(IDSLU)000497411ILU01</subfield></datafield><datafield ind1=" " ind2=" " tag="035"><subfield code="a">(NEBIS)005241388EBI01</subfield></datafield><datafield ind1=" " ind2=" " tag="035"><subfield code="a">(IDSBB)003864024DSV01</subfield></datafield><datafield ind1=" " ind2=" " tag="035"><subfield code="a">(DDB)970889488</subfield></datafield><datafield ind1=" " ind2=" " tag="035"><subfield code="a">(ALEX)bv001282900</subfield></datafield><datafield ind1=" " ind2=" " tag="035"><subfield code="a">(CH-UniLiZuSLS)991071417429705501</subfield></datafield><datafield ind1=" " ind2=" " tag="035"><subfield code="a">(UNILI)000280717LLB01</subfield></datafield><datafield ind1=" " ind2=" " tag="035"><subfield code="a">(EXLNZ-41SLSP_NETWORK)991071417429705501</subfield></datafield><datafield ind1=" " ind2=" " tag="040"><subfield code="a">EPZB</subfield><subfield code="d">CH-ZuSLS</subfield></datafield><datafield ind1="0" ind2=" " tag="041"><subfield code="a">fre</subfield><subfield code="a">ger</subfield><subfield code="a">ita</subfield></datafield><datafield ind1=" " ind2="7" tag="072"><subfield code="a">dr</subfield><subfield code="2">rero</subfield></datafield><datafield ind1=" " ind2="7" tag="072"><subfield code="a">824</subfield><subfield code="2">IDS LU</subfield></datafield><datafield ind1=" " ind2="7" tag="072"><subfield code="a">rw</subfield><subfield code="2">SzZuIDS BS/BE</subfield></datafield><datafield ind1="0" ind2="4" tag="082"><subfield code="a">343.494057</subfield><subfield code="2">22</subfield></datafield><datafield ind1="1" ind2="4" tag="082"><subfield code="a">340</subfield><subfield code="2">15</subfield></datafield><datafield ind1=" " ind2=" " tag="084"><subfield code="a">CA/CH 54 b</subfield><subfield code="2">cjurrom</subfield></datafield><datafield ind1=" " ind2=" " tag="084"><subfield code="a">CA/CH 54.6 b</subfield><subfield code="2">cjurrom</subfield></datafield><datafield ind1="0" ind2="0" tag="245"><subfield code="a">Bundesgesetz über die Stempelabgaben (StG)</subfield><subfield code="c">Hrsg.: Martin Zweifel ... [et al.] ; [Autorinnen und Autoren: Julia von Ah ... et al.]</subfield></datafield><datafield ind1="1" ind2=" " tag="246"><subfield code="a">StG</subfield></datafield><datafield ind1="1" ind2=" " tag="246"><subfield code="a">Bundesgesetz vom 27. Juni 1973 über die Stempelabgaben (StG)</subfield></datafield><datafield ind1=" " ind2="1" tag="264"><subfield code="a">Basel [etc.]</subfield><subfield code="b">Helbing &amp; Lichtenhahn</subfield><subfield code="c">[2006]</subfield></datafield><datafield ind1=" " ind2="4" tag="264"><subfield code="c">© 2006</subfield></datafield><datafield ind1=" " ind2=" " tag="300"><subfield code="a">XXXIV, 796 S.</subfield><subfield code="c">25 cm</subfield></datafield><datafield ind1=" " ind2=" " tag="336"><subfield code="b">txt</subfield><subfield code="2">rdacontent</subfield></datafield><datafield ind1=" " ind2=" " tag="337"><subfield code="b">n</subfield><subfield code="2">rdamedia</subfield></datafield><datafield ind1=" " ind2=" " tag="338"><subfield code="b">nc</subfield><subfield code="2">rdacarrier</subfield></datafield><datafield ind1="1" ind2=" " tag="490"><subfield code="a">Kommentar zum schweizerischen Steuerrecht</subfield><subfield code="v">II/3</subfield></datafield><datafield ind1=" " ind2=" " tag="500"><subfield code="a">Enthält auch: Bundesgesetz vom 27. Juni 1973 über die Stempelabgaben (StG)</subfield></datafield><datafield ind1=" " ind2=" " tag="500"><subfield code="a">Register</subfield></datafield><datafield ind1=" " ind2=" " tag="500"><subfield code="a">Enth. auch den Gesetzestext in dt., franz. und ital.</subfield></datafield><datafield ind1=" " ind2=" " tag="500"><subfield code="a">Gesetzestext auf Deutsch, Franz. und Ital.</subfield></datafield><datafield ind1=" " ind2=" " tag="504"><subfield code="a">Literaturverz.</subfield></datafield><datafield ind1="1" ind2="7" tag="610"><subfield code="a">Schweiz</subfield><subfield code="t">Bundesgesetz über die Stempelabgaben</subfield><subfield code="0">(DE-588)7561331-1</subfield><subfield code="2">gnd</subfield></datafield><datafield ind1=" " ind2="7" tag="650"><subfield code="a">Stempelabgabe</subfield><subfield code="9">ger</subfield><subfield code="0">(RERO)jurivoc000021352ger</subfield><subfield code="2">jurivoc</subfield></datafield><datafield ind1=" " ind2="7" tag="650"><subfield code="a">Bundesgesetz über die Stempelabgaben</subfield><subfield code="9">ger</subfield><subfield code="0">(RERO)jurivoc000004839ger</subfield><subfield code="2">jurivoc</subfield></datafield><datafield ind1=" " ind2="7" tag="650"><subfield code="a">Timbre (impôt)</subfield><subfield code="0">(IDREF)029146518</subfield><subfield code="2">idref</subfield></datafield><datafield ind1=" " ind2="7" tag="650"><subfield code="a">Droit fiscal</subfield><subfield code="0">(IDREF)02746718X</subfield><subfield code="2">idref</subfield></datafield><datafield ind1=" " ind2="7" tag="650"><subfield code="a">Stempelsteuer</subfield><subfield code="0">(DE-588)4264512-8</subfield><subfield code="2">gnd</subfield></datafield><datafield ind1=" " ind2="7" tag="650"><subfield code="a">Stempelsteuer</subfield><subfield code="2">idszbz</subfield></datafield><datafield ind1=" " ind2="7" tag="650"><subfield code="a">Recht</subfield><subfield code="2">idszbz</subfield></datafield><datafield ind1=" " ind2="7" tag="650"><subfield code="a">Steuerrecht</subfield><subfield code="0">(DE-588)4116614-0</subfield><subfield code="2">gnd</subfield></datafield><datafield ind1=" " ind2="0" tag="650"><subfield code="a">Income tax</subfield><subfield code="x">Law and legislation</subfield><subfield code="z">Switzerland</subfield></datafield><datafield ind1=" " ind2="0" tag="650"><subfield code="a">Taxation</subfield><subfield code="x">Law and legislation</subfield><subfield code="z">Switzerland</subfield></datafield><datafield ind1=" " ind2="7" tag="651"><subfield code="a">Schweiz</subfield><subfield code="9">ger</subfield><subfield code="0">(RERO)jurivoc000019912ger</subfield><subfield code="2">jurivoc</subfield></datafield><datafield ind1=" " ind2="7" tag="651"><subfield code="a">Suisse</subfield><subfield code="0">(IDREF)027249654</subfield><subfield code="2">idref</subfield></datafield><datafield ind1=" " ind2="7" tag="651"><subfield code="a">Schweiz</subfield><subfield code="0">(DE-588)4053881-3</subfield><subfield code="2">gnd</subfield></datafield><datafield ind1=" " ind2="7" tag="651"><subfield code="a">Schweiz</subfield><subfield code="2">idszbz</subfield></datafield><datafield ind1=" " ind2="7" tag="655"><subfield code="a">Textreproduktion</subfield><subfield code="9">ger</subfield><subfield code="2">jurivoc</subfield><subfield code="0">(RERO)jurivoc000022433ger</subfield></datafield><datafield ind1=" " ind2="7" tag="655"><subfield code="a">Kommentar(Werk)</subfield><subfield code="9">ger</subfield><subfield code="2">jurivoc</subfield><subfield code="0">(RERO)jurivoc000013038ger</subfield></datafield><datafield ind1=" " ind2="7" tag="655"><subfield code="a">Manuels d'enseignement</subfield><subfield code="0">(IDREF)027446514</subfield><subfield code="2">idref</subfield></datafield><datafield ind1=" " ind2="7" tag="655"><subfield code="a">Kommentar</subfield><subfield code="2">idszbz</subfield></datafield><datafield ind1=" " ind2="7" tag="655"><subfield code="a">Kommentar</subfield><subfield code="2">gnd-content</subfield></datafield><datafield ind1=" " ind2=" " tag="690"><subfield code="a">Abgabe; Forderung; Bundesgesetz; Umweltabgabe; Steuerrecht; Zivilprozessrecht; Berechnung; Erlass; Strafrecht; Gegenstand</subfield><subfield code="2">idssg-J</subfield></datafield><datafield ind1=" " ind2=" " tag="690"><subfield code="a">Abgabeforderung; Stempelabgabe; Umsatzabgabe; Abgabeerhebung; Verrechnungssteuergesetz; Verwaltungsstrafrechtsgesetz; Verzugszins; Abkürzungsverzeichnis; Datenbearbeitung; Materialienverzeichnis; Abgabegefährdung; Abgabepflicht; Abgabesatz; Berechnungsgrundlage; Lichtenhahn; Sachregister; Übergangsbestimmung</subfield><subfield code="2">idssg-J</subfield></datafield><datafield ind1=" " ind2=" " tag="690"><subfield code="a">allgemeine Bestimmung; ausländische Währung; bezahlte Emissionsabgabe; dritter Abschnitt; eidgenössische Steuerverwaltung; erster Abschnitt; fünfter Abschnitt; gemeinsame Bestimmung; schweizerisches Steuerrecht; sechster Abschnitt; siebenter Abschnitt; vierter Abschnitt; zweiter Abschnitt</subfield><subfield code="2">idssg-J</subfield></datafield><datafield ind1=" " ind2=" " tag="690"><subfield code="a">Schweiz C4EXSI; Bayern C4EUGE; China C9CHIN</subfield><subfield code="2">idssg-J</subfield></datafield><datafield ind1=" " ind2=" " tag="690"><subfield code="a">Autor Abkürzungsverzeichnis Literatur; Basel Genf München Art.; Berechnungsgrundlage Abgabepfiicht Fälligkeit; Berechnungsgrundlage Abgabepflicht Fälligkeit; Datenbearbeitung Schweigepflicht Verfahren Abgabeerhebung; dritt Abschnitt Abgabe; eidgenössisch Steuerverwaltung Rechtsmittel Kosten; erst Abschnitt Emissionsabgabe Gegenstand; fünft Abschnitt Behörden; Herausgeber Martin Zweifel; Maja Bauer Balmelli Helbing Lichtenhahn; sechst Abschnitt Strafbestimmungen; Stempelabgabe StG Herausgeber Martin Zweifel Peter Athanas; Verfahren Behörden Eidgenössische Steuerverwaltung; viert Abschnitt Gemeinsame Bestimmungen; Vollzug Inkrafttreten Sachregister; Vorbemerkung Einleitung Gegenstand; zweit Abschnitt Umsatzabgabe Gegenstand</subfield><subfield code="2">idssg-J</subfield></datafield><datafield ind1=" " ind2=" " tag="691"><subfield code="e">PC 54.6 CH</subfield><subfield code="2">rzs-L1</subfield></datafield><datafield ind1=" " ind2=" " tag="691"><subfield code="e">PC 54 CH</subfield><subfield code="2">rzs-L1</subfield></datafield><datafield ind1="1" ind2=" " tag="700"><subfield code="a">Ah, Julia von</subfield><subfield code="0">(RERO)A025086213</subfield></datafield><datafield ind1="1" ind2=" " tag="700"><subfield code="6">880-03</subfield><subfield code="a">Zweifel, Martin</subfield><subfield code="d">1947-</subfield><subfield code="0">(DE-588)1072527758</subfield><subfield code="4">edt</subfield></datafield><datafield ind1="1" ind2=" " tag="880"><subfield code="6">700-03</subfield><subfield code="a">Zweifel, Martin</subfield><subfield code="0">(IDREF)190777524</subfield></datafield><datafield ind1="1" ind2=" " tag="710"><subfield code="a">Schweiz</subfield><subfield code="0">(DE-588)4053881-3</subfield></datafield><datafield ind1="1" ind2="2" tag="710"><subfield code="a">Suisse</subfield><subfield code="t">Lois et arrêtés</subfield><subfield code="d">1973</subfield></datafield><datafield ind1=" " ind2=" " tag="751"><subfield code="a">Schweiz</subfield><subfield code="0">(DE-588)4053881-3</subfield></datafield><datafield ind1=" " ind2=" " tag="751"><subfield code="a">Schweiz</subfield><subfield code="0">(DE-588)4053881-3</subfield></datafield><datafield ind1=" " ind2=" " tag="751"><subfield code="a">Schweiz</subfield><subfield code="0">(DE-588)4053881-3</subfield></datafield><datafield ind1=" " ind2="0" tag="830"><subfield code="a">Kommentar zum schweizerischen Steuerrecht</subfield><subfield code="v">2/3</subfield><subfield code="w">(NEBIS)001861480EBI01</subfield></datafield><datafield ind1="4" ind2=" " tag="856"><subfield code="u">https://tools.unisg.ch/url/hm00167540</subfield><subfield code="z">Inhaltsverzeichnis</subfield></datafield><datafield ind1=" " ind2=" " tag="900"><subfield code="a">IDSE5E51ANH-2006</subfield></datafield><datafield ind1=" " ind2=" " tag="900"><subfield code="a">IDSZ2rwimon200609e</subfield><subfield code="c">IDSZ2rosi 060928</subfield><subfield code="d">IDSZ2rwiswk200609u</subfield></datafield><datafield ind1=" " ind2=" " tag="900"><subfield code="a">IDSZ2zbzmon200609l</subfield><subfield code="c">IDSZ2kalh</subfield><subfield code="d">IDSZ2zbzswk200609b</subfield><subfield code="e">IDSZ2bruu</subfield></datafield><datafield ind1=" " ind2=" " tag="949"><subfield code="a">https://tools.unisg.ch/url/hm00167540</subfield></datafield></record>
</metadata></record>