<record><header><identifier>oai:alma.41SLSP_UGE:991000030669705502</identifier><datestamp>2023-03-01T01:09:18Z</datestamp><setSpec>uge_bcen_RapidILL_BOOK</setSpec><setSpec>uge_aaca_RapidILL_BOOK</setSpec><setSpec>uge_abels_RapidILL_BOOK</setSpec><setSpec>uge_dbu_RapidILL_BOOK</setSpec><setSpec>uge_cmu_RapidILL_BOOK</setSpec><setSpec>uge_mail_RapidILL_BOOK</setSpec><setSpec>uge_abbat_RapidILL_BOOK</setSpec><setSpec>UNIGE_ALL</setSpec><setSpec>uge_acar_RapidILL_BOOK</setSpec><setSpec>uge_aobs_RapidILL_BOOK</setSpec></header><metadata>
<record xmlns="http://www.loc.gov/MARC21/slim" xmlns:xsi="http://www.w3.org/2001/XMLSchema-instance" xsi:schemaLocation="http://www.loc.gov/MARC21/slim http://www.loc.gov/standards/marcxml/schema/MARC21slim.xsd"><leader>01911nam a2200481 c 4500</leader><controlfield tag="001">991000030669705502</controlfield><controlfield tag="005">20230227211116.0</controlfield><controlfield tag="008">201011s1974    it ||||| |||| 00| ||ita d</controlfield><datafield ind1=" " ind2=" " tag="035"><subfield code="a">(swissbib)220945497-41slsp_network</subfield></datafield><datafield ind1=" " ind2=" " tag="035"><subfield code="a">220945497</subfield><subfield code="9">ExL</subfield></datafield><datafield ind1=" " ind2=" " tag="035"><subfield code="a">(RERO)R238663960-41slsp</subfield></datafield><datafield ind1=" " ind2=" " tag="035"><subfield code="a">(NEBIS)003232094EBI01</subfield></datafield><datafield ind1=" " ind2=" " tag="035"><subfield code="a">(OCoLC)277802559</subfield></datafield><datafield ind1=" " ind2=" " tag="035"><subfield code="a">(EXLNZ-41SLSP_NETWORK)991090577479705501</subfield></datafield><datafield ind1=" " ind2=" " tag="040"><subfield code="a">RERO geulhg</subfield><subfield code="d">CH-ZuSLS</subfield></datafield><datafield ind1=" " ind2="7" tag="072"><subfield code="a">ht</subfield><subfield code="2">rero</subfield></datafield><datafield ind1="0" ind2="4" tag="082"><subfield code="a">945.31</subfield></datafield><datafield ind1="1" ind2=" " tag="100"><subfield code="a">Cervelli, Innocenzo</subfield><subfield code="d">1942-</subfield><subfield code="0">(DE-588)129363979</subfield><subfield code="6">880-01</subfield></datafield><datafield ind1="1" ind2=" " tag="880"><subfield code="6">100-01</subfield><subfield code="a">Cervelli, Innocenzo</subfield><subfield code="0">(IDREF)029023378</subfield><subfield code="4">cre</subfield></datafield><datafield ind1="1" ind2="0" tag="245"><subfield code="a">Machiavelli e la crisi dello stato veneziano</subfield><subfield code="c">Innocenzo Cervelli</subfield></datafield><datafield ind1=" " ind2="1" tag="264"><subfield code="a">Napoli</subfield><subfield code="b">Guida</subfield><subfield code="c">1974</subfield></datafield><datafield ind1=" " ind2=" " tag="300"><subfield code="a">559 p.</subfield><subfield code="c">21 cm</subfield></datafield><datafield ind1=" " ind2=" " tag="336"><subfield code="b">txt</subfield><subfield code="2">rdacontent</subfield></datafield><datafield ind1=" " ind2=" " tag="337"><subfield code="b">n</subfield><subfield code="2">rdamedia</subfield></datafield><datafield ind1=" " ind2=" " tag="338"><subfield code="b">nc</subfield><subfield code="2">rdacarrier</subfield></datafield><datafield ind1="1" ind2=" " tag="490"><subfield code="a">Esperienze</subfield><subfield code="v">31</subfield></datafield><datafield ind1=" " ind2=" " tag="500"><subfield code="a">Questo studio fu in parte originato dalle discussioni dal convegno &quot;Machiavelli e Venezia, Machiavelli a Venezia&quot;, tenuto presso la Fondazione G. Cini nel settembre 1969</subfield></datafield><datafield ind1=" " ind2=" " tag="504"><subfield code="a">Index</subfield></datafield><datafield ind1="0" ind2="7" tag="600"><subfield code="a">Machiavel</subfield><subfield code="d">1469-1527</subfield><subfield code="0">(IDREF)027000168</subfield><subfield code="2">idref</subfield></datafield><datafield ind1="1" ind2="4" tag="600"><subfield code="a">Machiavelli, Niccolò</subfield><subfield code="d">1469-1527</subfield></datafield><datafield ind1="1" ind2="7" tag="600"><subfield code="a">Machiavelli, Niccolò</subfield><subfield code="d">1469-1527</subfield><subfield code="0">(DE-588)118575775</subfield><subfield code="2">gnd</subfield></datafield><datafield ind1="1" ind2="0" tag="600"><subfield code="a">Machiavelli, Niccolò</subfield><subfield code="d">1469-1527</subfield></datafield><datafield ind1=" " ind2="7" tag="648"><subfield code="a">Geschichte 1500-1600</subfield><subfield code="2">gnd</subfield></datafield><datafield ind1=" " ind2="7" tag="650"><subfield code="a">16e siècle (début)</subfield><subfield code="0">(RERO)A023087633</subfield><subfield code="2">rero</subfield></datafield><datafield ind1=" " ind2="7" tag="650"><subfield code="a">Crises politiques</subfield><subfield code="0">(IDREF)027262510</subfield><subfield code="2">idref</subfield></datafield><datafield ind1=" " ind2="0" tag="650"><subfield code="a">Agnadello, Battle of, Agnadello, Italy, 1509</subfield></datafield><datafield ind1=" " ind2="7" tag="651"><subfield code="a">Venise (Italie)</subfield><subfield code="0">(IDREF)027251411</subfield><subfield code="2">idref</subfield></datafield><datafield ind1=" " ind2="7" tag="651"><subfield code="a">Venedig</subfield><subfield code="0">(DE-588)4062501-1</subfield><subfield code="2">gnd</subfield></datafield><datafield ind1=" " ind2="0" tag="651"><subfield code="a">Venice (Italy)</subfield><subfield code="x">History</subfield><subfield code="y">1508-1797</subfield></datafield><datafield ind1=" " ind2=" " tag="690"><subfield code="a">Machiavelli, Niccolo / Verhältnis zu einzelnen Gebieten und Orten</subfield><subfield code="2">uzb-Z9</subfield></datafield><datafield ind1=" " ind2=" " tag="830"><subfield code="a">Esperienze</subfield><subfield code="p">Guida</subfield><subfield code="v">31</subfield><subfield code="w">(RERO)0337639-41slsp</subfield></datafield><datafield ind1=" " ind2=" " tag="830"><subfield code="a">Esperienze</subfield><subfield code="v">31</subfield><subfield code="w">(NEBIS)000061052EBI01</subfield></datafield><datafield ind1=" " ind2=" " tag="900"><subfield code="a">REROnoselfmerge</subfield></datafield><datafield ind1=" " ind2=" " tag="900"><subfield code="a">IDSZRMedeaZBZ</subfield></datafield><datafield ind1=" " ind2=" " tag="993"><subfield code="a">BFLA 183900</subfield><subfield code="x">ge/ulit/a/FLt 80340</subfield><subfield code="9">LOCAL</subfield></datafield></record>
</metadata></record>