<record><header><identifier>oai:alma.41SLSP_UGE:991000029839705502</identifier><datestamp>2023-03-01T01:09:18Z</datestamp><setSpec>uge_bcen_RapidILL_BOOK</setSpec><setSpec>uge_aaca_RapidILL_BOOK</setSpec><setSpec>uge_abels_RapidILL_BOOK</setSpec><setSpec>uge_dbu_RapidILL_BOOK</setSpec><setSpec>uge_cmu_RapidILL_BOOK</setSpec><setSpec>uge_mail_RapidILL_BOOK</setSpec><setSpec>UNIGE_ALL</setSpec><setSpec>uge_abbat_RapidILL_BOOK</setSpec><setSpec>uge_aobs_RapidILL_BOOK</setSpec><setSpec>uge_acar_RapidILL_BOOK</setSpec></header><metadata>
<record xmlns="http://www.loc.gov/MARC21/slim" xmlns:xsi="http://www.w3.org/2001/XMLSchema-instance" xsi:schemaLocation="http://www.loc.gov/MARC21/slim http://www.loc.gov/standards/marcxml/schema/MARC21slim.xsd"><leader>00924nem a2200265 c 4500</leader><controlfield tag="001">991000029839705502</controlfield><controlfield tag="005">20201227135933.0</controlfield><controlfield tag="007">aj |||||</controlfield><controlfield tag="008">000910s1972    sz |||||| |     |   ger d</controlfield><datafield ind1=" " ind2=" " tag="035"><subfield code="a">(swissbib)090285107-41slsp_network</subfield></datafield><datafield ind1=" " ind2=" " tag="035"><subfield code="a">090285107</subfield><subfield code="9">ExL</subfield></datafield><datafield ind1=" " ind2=" " tag="035"><subfield code="a">(RERO)2067585-41slsp</subfield></datafield><datafield ind1=" " ind2=" " tag="035"><subfield code="a">(EXLNZ-41SLSP_NETWORK)991073606489705501</subfield></datafield><datafield ind1=" " ind2=" " tag="040"><subfield code="a">RERO geubib</subfield><subfield code="d">CH-ZuSLS</subfield></datafield><datafield ind1="0" ind2=" " tag="041"><subfield code="a">ger</subfield><subfield code="a">fre</subfield><subfield code="a">ita</subfield></datafield><datafield ind1=" " ind2="7" tag="072"><subfield code="a">se</subfield><subfield code="2">rero</subfield></datafield><datafield ind1=" " ind2="7" tag="072"><subfield code="a">go</subfield><subfield code="2">rero</subfield></datafield><datafield ind1="0" ind2="0" tag="245"><subfield code="a">Atlas der Schweiz</subfield><subfield code="n">86</subfield><subfield code="p">Der Jura</subfield><subfield code="b">= Atlas de la Suisse. 86, Le Jura = Atlante della Svizzera. 86, Il Giura</subfield><subfield code="c">Gesamtleitung und Präsident der Redaktionskommission Ernst Spiess</subfield></datafield><datafield ind1="1" ind2=" " tag="246"><subfield code="a">Giura</subfield></datafield><datafield ind1=" " ind2="1" tag="264"><subfield code="a">Wabern-Berne</subfield><subfield code="b">Ed. de l'Office fédéral de topographie</subfield><subfield code="c">1972</subfield></datafield><datafield ind1=" " ind2=" " tag="300"><subfield code="a">1 carte</subfield><subfield code="c">52 cm</subfield></datafield><datafield ind1=" " ind2=" " tag="336"><subfield code="b">cri</subfield><subfield code="2">rdacontent</subfield></datafield><datafield ind1=" " ind2=" " tag="337"><subfield code="b">n</subfield><subfield code="2">rdamedia</subfield></datafield><datafield ind1=" " ind2=" " tag="338"><subfield code="b">nb</subfield><subfield code="2">rdacarrier</subfield></datafield><datafield ind1=" " ind2="0" tag="830"><subfield code="a">Atlas der Schweiz = Atlas de la Suisse = Atlante della Svizzera</subfield><subfield code="v">86</subfield></datafield><datafield ind1=" " ind2=" " tag="900"><subfield code="a">REROnoselfmerge</subfield></datafield></record>
</metadata></record>