<record><header><identifier>oai:alma.41SLSP_UGE:991000030459705502</identifier><datestamp>2024-09-21T00:25:01Z</datestamp><setSpec>uge_bcen_RapidILL_BOOK</setSpec><setSpec>uge_aaca_RapidILL_BOOK</setSpec><setSpec>uge_abels_RapidILL_BOOK</setSpec><setSpec>uge_dbu_RapidILL_BOOK</setSpec><setSpec>uge_cmu_RapidILL_BOOK</setSpec><setSpec>uge_mail_RapidILL_BOOK</setSpec><setSpec>uge_abbat_RapidILL_BOOK</setSpec><setSpec>UNIGE_ALL</setSpec><setSpec>uge_aobs_RapidILL_BOOK</setSpec><setSpec>uge_acar_RapidILL_BOOK</setSpec></header><metadata>
<record xmlns="http://www.loc.gov/MARC21/slim" xmlns:xsi="http://www.w3.org/2001/XMLSchema-instance" xsi:schemaLocation="http://www.loc.gov/MARC21/slim http://www.loc.gov/standards/marcxml/schema/MARC21slim.xsd"><leader>01920nam a2200541 c 4500</leader><controlfield tag="001">991000030459705502</controlfield><controlfield tag="005">20240920195212.0</controlfield><controlfield tag="008">201011s1980    sz ||||| |||| 00| ||ger d</controlfield><datafield ind1=" " ind2=" " tag="020"><subfield code="a">3530166723</subfield></datafield><datafield ind1=" " ind2=" " tag="035"><subfield code="a">(swissbib)228740177-41slsp_network</subfield></datafield><datafield ind1=" " ind2=" " tag="035"><subfield code="a">228740177</subfield><subfield code="9">ExL</subfield></datafield><datafield ind1=" " ind2=" " tag="035"><subfield code="a">(RERO)1281459-41slsp</subfield></datafield><datafield ind1=" " ind2=" " tag="035"><subfield code="a">(IDSLU)000621668ILU01</subfield></datafield><datafield ind1=" " ind2=" " tag="035"><subfield code="a">(NEBIS)004105621EBI01</subfield></datafield><datafield ind1=" " ind2=" " tag="035"><subfield code="a">(NEBIS)007748704EBI01</subfield></datafield><datafield ind1=" " ind2=" " tag="035"><subfield code="a">(IDSBB)000248251DSV01</subfield></datafield><datafield ind1=" " ind2=" " tag="035"><subfield code="a">(ABN)000029347ABN01</subfield></datafield><datafield ind1=" " ind2=" " tag="035"><subfield code="a">(EXLNZ-41SLSP_NETWORK)991067404939705501</subfield></datafield><datafield ind1=" " ind2=" " tag="040"><subfield code="a">RERO labcud</subfield><subfield code="d">CH-ZuSLS</subfield></datafield><datafield ind1="0" ind2=" " tag="041"><subfield code="a">ger</subfield></datafield><datafield ind1=" " ind2=" " tag="044"><subfield code="a">sz</subfield><subfield code="a">gw</subfield></datafield><datafield ind1=" " ind2="7" tag="072"><subfield code="a">al</subfield><subfield code="2">rero</subfield></datafield><datafield ind1="0" ind2="0" tag="082"><subfield code="a">833/.912</subfield><subfield code="a">B</subfield><subfield code="2">19</subfield></datafield><datafield ind1="0" ind2="4" tag="082"><subfield code="a">B</subfield><subfield code="2">19</subfield></datafield><datafield ind1="1" ind2="4" tag="082"><subfield code="a">838.910 3</subfield><subfield code="2">22</subfield></datafield><datafield ind1=" " ind2=" " tag="084"><subfield code="a">GM 2983</subfield><subfield code="2">rvk</subfield></datafield><datafield ind1=" " ind2=" " tag="084"><subfield code="a">GM 2984</subfield><subfield code="2">rvk</subfield></datafield><datafield ind1=" " ind2=" " tag="084"><subfield code="a">XB 2350</subfield><subfield code="2">rvk</subfield></datafield><datafield ind1="1" ind2=" " tag="100"><subfield code="a">Döblin, Alfred</subfield><subfield code="d">1878-1957</subfield><subfield code="0">(DE-588)118526200</subfield><subfield code="e">Verfasser</subfield><subfield code="4">aut</subfield><subfield code="6">880-01</subfield></datafield><datafield ind1="1" ind2=" " tag="880"><subfield code="6">100-01</subfield><subfield code="a">Döblin, Alfred</subfield><subfield code="d">1878-1957</subfield><subfield code="0">(IDREF)027379574</subfield><subfield code="4">cre</subfield></datafield><datafield ind1="1" ind2="0" tag="245"><subfield code="a">Autobiographische Schriften und letzte Aufzeichnungen</subfield><subfield code="c">Alfred Döblin ; [hrsg. von Edgar Pässler]</subfield></datafield><datafield ind1=" " ind2="1" tag="264"><subfield code="a">Olten</subfield><subfield code="a">Freiburg i.Br.</subfield><subfield code="b">Walter-Verl.</subfield><subfield code="c">1980</subfield></datafield><datafield ind1=" " ind2=" " tag="300"><subfield code="a">618 S.</subfield><subfield code="b">portr., Taf.</subfield><subfield code="c">21 cm</subfield></datafield><datafield ind1=" " ind2=" " tag="336"><subfield code="b">txt</subfield><subfield code="2">rdacontent</subfield></datafield><datafield ind1=" " ind2=" " tag="337"><subfield code="b">n</subfield><subfield code="2">rdamedia</subfield></datafield><datafield ind1=" " ind2=" " tag="338"><subfield code="b">nc</subfield><subfield code="2">rdacarrier</subfield></datafield><datafield ind1="1" ind2=" " tag="490"><subfield code="a">Ausgewählte Werke in Einzelbänden / Alfred Döblin</subfield></datafield><datafield ind1=" " ind2=" " tag="520"><subfield code="a">Band 21</subfield></datafield><datafield ind1="1" ind2="7" tag="600"><subfield code="a">Döblin, Alfred</subfield><subfield code="d">1878-1957</subfield><subfield code="0">(DE-588)118526200</subfield><subfield code="2">gnd</subfield></datafield><datafield ind1="1" ind2="0" tag="600"><subfield code="a">Döblin, Alfred</subfield><subfield code="d">1878-1957</subfield></datafield><datafield ind1=" " ind2="0" tag="650"><subfield code="a">Novelists, German, 20th century, Biography</subfield></datafield><datafield ind1=" " ind2="0" tag="650"><subfield code="a">Novelists, German</subfield><subfield code="y">20th century</subfield><subfield code="v">Biography</subfield></datafield><datafield ind1=" " ind2=" " tag="690"><subfield code="a">Döblin, Alfred, B: Biographie</subfield><subfield code="2">rzs-L1</subfield></datafield><datafield ind1=" " ind2=" " tag="690"><subfield code="a">Memoiren. 20. Jh. Deutschland</subfield><subfield code="2">rzs-L1</subfield></datafield><datafield ind1="1" ind2=" " tag="700"><subfield code="a">Pässler, Edgar</subfield><subfield code="0">(RERO)A003717888</subfield></datafield><datafield ind1="1" ind2=" " tag="800"><subfield code="a">Döblin, Alfred</subfield><subfield code="d">1878-1957</subfield><subfield code="t">Ausgewählte Werke in Einzelbänden</subfield><subfield code="v">19</subfield><subfield code="w">(IDSLU)000131316ILU01</subfield></datafield><datafield ind1=" " ind2=" " tag="900"><subfield code="a">REROnoselfmerge</subfield></datafield><datafield ind1=" " ind2=" " tag="900"><subfield code="a">IDSZRMedeaZBZ</subfield><subfield code="b">IDSZRSWK</subfield></datafield><datafield ind1=" " ind2=" " tag="911"><subfield code="a">Döblin, Alfred</subfield><subfield code="d">1878-1957</subfield></datafield></record>
</metadata></record>