<record><header><identifier>oai:alma.41SLSP_UGE:991000030769705502</identifier><datestamp>2023-03-01T01:09:18Z</datestamp><setSpec>uge_bcen_RapidILL_BOOK</setSpec><setSpec>uge_aaca_RapidILL_BOOK</setSpec><setSpec>uge_abels_RapidILL_BOOK</setSpec><setSpec>uge_dbu_RapidILL_BOOK</setSpec><setSpec>uge_cmu_RapidILL_BOOK</setSpec><setSpec>uge_mail_RapidILL_BOOK</setSpec><setSpec>UNIGE_ALL</setSpec><setSpec>uge_abbat_RapidILL_BOOK</setSpec><setSpec>uge_aobs_RapidILL_BOOK</setSpec><setSpec>uge_acar_RapidILL_BOOK</setSpec></header><metadata>
<record xmlns="http://www.loc.gov/MARC21/slim" xmlns:xsi="http://www.w3.org/2001/XMLSchema-instance" xsi:schemaLocation="http://www.loc.gov/MARC21/slim http://www.loc.gov/standards/marcxml/schema/MARC21slim.xsd"><leader>02411nam a2200541 c 4500</leader><controlfield tag="001">991000030769705502</controlfield><controlfield tag="005">20210207212833.0</controlfield><controlfield tag="008">201011t19881988xxu||||| |||| 10| ||eng d</controlfield><datafield ind1=" " ind2=" " tag="010"><subfield code="a">88022525</subfield></datafield><datafield ind1=" " ind2=" " tag="020"><subfield code="a">0306429853</subfield></datafield><datafield ind1=" " ind2=" " tag="035"><subfield code="a">(swissbib)223452726-41slsp_network</subfield></datafield><datafield ind1=" " ind2=" " tag="035"><subfield code="a">223452726</subfield><subfield code="9">ExL</subfield></datafield><datafield ind1=" " ind2=" " tag="035"><subfield code="a">(RERO)1082856-41slsp</subfield></datafield><datafield ind1=" " ind2=" " tag="035"><subfield code="a">(NEBIS)000548367EBI01</subfield></datafield><datafield ind1=" " ind2=" " tag="035"><subfield code="a">(EXLNZ-41SLSP_NETWORK)991032252569705501</subfield></datafield><datafield ind1=" " ind2=" " tag="040"><subfield code="a">RERO geucmu</subfield><subfield code="d">CH-ZuSLS</subfield></datafield><datafield ind1=" " ind2="7" tag="072"><subfield code="a">me</subfield><subfield code="2">rero</subfield></datafield><datafield ind1="0" ind2="0" tag="082"><subfield code="a">599/.0188</subfield><subfield code="2">19</subfield></datafield><datafield ind1="0" ind2="0" tag="245"><subfield code="a">Neuroreceptors and signal transduction</subfield><subfield code="b">[proceedings of the International Symposium on Neurotransmitter Receptors, held October 6-9, 1987, in Hiroshima, Japan]</subfield><subfield code="c">ed. by Shozo Kito... [et al.]</subfield></datafield><datafield ind1=" " ind2="1" tag="264"><subfield code="a">New York</subfield><subfield code="a">London</subfield><subfield code="b">Plenum Press</subfield><subfield code="c">[1988]</subfield></datafield><datafield ind1=" " ind2="4" tag="264"><subfield code="c">© 1988</subfield></datafield><datafield ind1=" " ind2=" " tag="300"><subfield code="a">VIII, 367 p.</subfield><subfield code="b">ill.</subfield><subfield code="c">26 cm</subfield></datafield><datafield ind1=" " ind2=" " tag="336"><subfield code="b">txt</subfield><subfield code="2">rdacontent</subfield></datafield><datafield ind1=" " ind2=" " tag="337"><subfield code="b">n</subfield><subfield code="2">rdamedia</subfield></datafield><datafield ind1=" " ind2=" " tag="338"><subfield code="b">nc</subfield><subfield code="2">rdacarrier</subfield></datafield><datafield ind1="1" ind2=" " tag="490"><subfield code="a">Advances in experimental medicine and biology</subfield><subfield code="v">vol. 236</subfield></datafield><datafield ind1=" " ind2=" " tag="500"><subfield code="a">Congrès de médecine. Hiroshima. 1987</subfield></datafield><datafield ind1=" " ind2=" " tag="500"><subfield code="a">&quot;Proceedings of the International Symposium on Neurotransmitter Receptors, held October 6-9, 1987, in Hiroshima, Japan&quot;. - Anlassname auch: Second Hiroshima International Neurotransmitter Receptor Symposium</subfield></datafield><datafield ind1=" " ind2="2" tag="650"><subfield code="a">Neural Transmission</subfield></datafield><datafield ind1=" " ind2="2" tag="650"><subfield code="a">Neuroregulators</subfield></datafield><datafield ind1=" " ind2="2" tag="650"><subfield code="a">Receptors, Sensory</subfield></datafield><datafield ind1=" " ind2="2" tag="650"><subfield code="a">Synaptic Receptors</subfield></datafield><datafield ind1=" " ind2="7" tag="650"><subfield code="a">Neurotransmitter</subfield><subfield code="2">idszbz</subfield></datafield><datafield ind1=" " ind2="7" tag="650"><subfield code="a">Synapse</subfield><subfield code="2">idszbz</subfield></datafield><datafield ind1=" " ind2="7" tag="650"><subfield code="a">Kongress</subfield><subfield code="0">(DE-588)4130470-6</subfield><subfield code="2">gnd</subfield></datafield><datafield ind1=" " ind2="7" tag="650"><subfield code="a">Neurotransmitter-Rezeptor</subfield><subfield code="0">(DE-588)4171601-2</subfield><subfield code="2">gnd</subfield></datafield><datafield ind1=" " ind2="0" tag="650"><subfield code="a">Neurotransmitter receptors</subfield><subfield code="v">Congresses</subfield></datafield><datafield ind1=" " ind2="7" tag="650"><subfield code="a">MEMBRANREZEPTOREN (SIGNALTRANSDUKTION, BIOLOGIE)</subfield><subfield code="9">ger</subfield><subfield code="0">(ETHUDK)000055620</subfield><subfield code="2">ethudk</subfield></datafield><datafield ind1=" " ind2="7" tag="650"><subfield code="a">NERVENLEITUNG (NEUROLOGIE)</subfield><subfield code="9">ger</subfield><subfield code="0">(ETHUDK)000026297</subfield><subfield code="2">ethudk</subfield></datafield><datafield ind1=" " ind2="7" tag="650"><subfield code="a">NEUROREZEPTOREN (NEUROLOGIE)</subfield><subfield code="9">ger</subfield><subfield code="0">(ETHUDK)000043602</subfield><subfield code="2">ethudk</subfield></datafield><datafield ind1=" " ind2="7" tag="650"><subfield code="a">SIGNALTRANSDUKTION (NEUROLOGIE)</subfield><subfield code="9">ger</subfield><subfield code="0">(ETHUDK)000043907</subfield><subfield code="2">ethudk</subfield></datafield><datafield ind1=" " ind2="2" tag="655"><subfield code="a">Congress</subfield></datafield><datafield ind1=" " ind2="7" tag="655"><subfield code="a">Aufsatzsammlung</subfield><subfield code="2">idszbz</subfield></datafield><datafield ind1=" " ind2="7" tag="655"><subfield code="a">Konferenzschrift</subfield><subfield code="z">Hiroshima</subfield><subfield code="y">1987</subfield><subfield code="2">gnd-content</subfield></datafield><datafield ind1="1" ind2=" " tag="700"><subfield code="a">Kito, Shozo</subfield><subfield code="0">(RERO)A003456973</subfield></datafield><datafield ind1="2" ind2=" " tag="711"><subfield code="a">International Symposium on Neurotransmitter Receptors</subfield><subfield code="0">(DE-588)5081216-6</subfield></datafield><datafield ind1="2" ind2=" " tag="711"><subfield code="a">International Symposium on Neurotransmitter Receptors</subfield><subfield code="d">1987</subfield><subfield code="c">Hiroshima</subfield><subfield code="0">(RERO)A012515162</subfield></datafield><datafield ind1=" " ind2="0" tag="830"><subfield code="a">Advances in experimental medicine and biology</subfield><subfield code="v">236</subfield><subfield code="w">(RERO)0395732-41slsp</subfield></datafield><datafield ind1=" " ind2=" " tag="900"><subfield code="a">REROnoselfmerge</subfield></datafield></record>
</metadata></record>