<record><header><identifier>oai:alma.41SLSP_UGE:991000030349705502</identifier><datestamp>2024-06-24T00:09:53Z</datestamp><setSpec>uge_bcen_RapidILL_BOOK</setSpec><setSpec>uge_aaca_RapidILL_BOOK</setSpec><setSpec>uge_abels_RapidILL_BOOK</setSpec><setSpec>uge_dbu_RapidILL_BOOK</setSpec><setSpec>uge_cmu_RapidILL_BOOK</setSpec><setSpec>uge_mail_RapidILL_BOOK</setSpec><setSpec>uge_abbat_RapidILL_BOOK</setSpec><setSpec>UNIGE_ALL</setSpec><setSpec>uge_aobs_RapidILL_BOOK</setSpec><setSpec>uge_acar_RapidILL_BOOK</setSpec></header><metadata>
<record xmlns="http://www.loc.gov/MARC21/slim" xmlns:xsi="http://www.w3.org/2001/XMLSchema-instance" xsi:schemaLocation="http://www.loc.gov/MARC21/slim http://www.loc.gov/standards/marcxml/schema/MARC21slim.xsd"><leader>02386nam a2200565 c 4500</leader><controlfield tag="001">991000030349705502</controlfield><controlfield tag="005">20240118125332.0</controlfield><controlfield tag="008">201012s2016    it       |||| 000 0 ita|d</controlfield><datafield ind1=" " ind2=" " tag="020"><subfield code="a">9788860253842</subfield></datafield><datafield ind1=" " ind2=" " tag="020"><subfield code="a">8860253845</subfield></datafield><datafield ind1=" " ind2=" " tag="035"><subfield code="a">(swissbib)239957067-41slsp_network</subfield></datafield><datafield ind1=" " ind2=" " tag="035"><subfield code="a">239957067</subfield><subfield code="9">ExL</subfield></datafield><datafield ind1=" " ind2=" " tag="035"><subfield code="a">(IDSBB)006783839DSV01</subfield></datafield><datafield ind1=" " ind2=" " tag="035"><subfield code="a">(NEBIS)010853471EBI01</subfield></datafield><datafield ind1=" " ind2=" " tag="035"><subfield code="a">(RERO)R008614693-41slsp</subfield></datafield><datafield ind1=" " ind2=" " tag="035"><subfield code="a">(OCoLC)979540605</subfield></datafield><datafield ind1=" " ind2=" " tag="035"><subfield code="a">(DE-604)BV044241208</subfield></datafield><datafield ind1=" " ind2=" " tag="035"><subfield code="a">(OCoLC)969802718</subfield></datafield><datafield ind1=" " ind2=" " tag="035"><subfield code="a">(EXLNZ-41SLSP_NETWORK)991038444659705501</subfield></datafield><datafield ind1=" " ind2=" " tag="040"><subfield code="a">DEBBG</subfield><subfield code="b">ger</subfield><subfield code="e">rda</subfield><subfield code="d">CH-ZuSLS</subfield></datafield><datafield ind1=" " ind2="4" tag="050"><subfield code="a">PQ</subfield></datafield><datafield ind1=" " ind2="7" tag="072"><subfield code="a">it</subfield><subfield code="2">rero</subfield></datafield><datafield ind1="0" ind2="4" tag="082"><subfield code="a">853</subfield></datafield><datafield ind1="1" ind2="4" tag="082"><subfield code="a">850</subfield><subfield code="2">15</subfield></datafield><datafield ind1="1" ind2="4" tag="082"><subfield code="a">853</subfield><subfield code="2">14</subfield></datafield><datafield ind1="7" ind2="4" tag="082"><subfield code="a">850</subfield><subfield code="2">23sdnb</subfield></datafield><datafield ind1=" " ind2=" " tag="084"><subfield code="a">B</subfield><subfield code="2">sdnb</subfield></datafield><datafield ind1="1" ind2=" " tag="100"><subfield code="a">Deledda, Grazia</subfield><subfield code="d">1871-1936</subfield><subfield code="6">880-01</subfield><subfield code="0">(DE-588)118859587</subfield><subfield code="4">aut</subfield></datafield><datafield ind1="1" ind2=" " tag="880"><subfield code="6">100-01</subfield><subfield code="a">Deledda, Grazia</subfield><subfield code="d">1871-1936</subfield><subfield code="0">(IDREF)026820285</subfield><subfield code="4">aut</subfield></datafield><datafield ind1="1" ind2="0" tag="245"><subfield code="a">(Cosima)</subfield><subfield code="c">Grazia Deledda ; edizione critica a cura di Dino Manca</subfield></datafield><datafield ind1="1" ind2="3" tag="246"><subfield code="a">Cosima</subfield></datafield><datafield ind1=" " ind2="1" tag="264"><subfield code="a">Sassari</subfield><subfield code="b">Edes</subfield><subfield code="c">2016</subfield></datafield><datafield ind1=" " ind2=" " tag="300"><subfield code="a">XCVI, 130 Seiten</subfield><subfield code="b">Illustrationen</subfield></datafield><datafield ind1=" " ind2=" " tag="336"><subfield code="b">txt</subfield><subfield code="2">rdacontent</subfield></datafield><datafield ind1=" " ind2=" " tag="337"><subfield code="b">n</subfield><subfield code="2">rdamedia</subfield></datafield><datafield ind1=" " ind2=" " tag="338"><subfield code="b">nc</subfield><subfield code="2">rdacarrier</subfield></datafield><datafield ind1="1" ind2=" " tag="490"><subfield code="a">Filologia della letteratura degli italiani. Edizioni critiche</subfield><subfield code="v">1</subfield></datafield><datafield ind1="1" ind2=" " tag="490"><subfield code="a">Filologia della letteratura degli italiani. Strumenti</subfield><subfield code="v">1</subfield></datafield><datafield ind1=" " ind2=" " tag="500"><subfield code="a">Includes introductory texts (pages ix-xcvi) and commentary (pages 83-119)</subfield></datafield><datafield ind1=" " ind2=" " tag="504"><subfield code="a">Novel. - Includes introductory texts (pages ix-xcvi) and commentary (pages 83-119). - Includes bibliographical references (pages 121-126) and indexes</subfield></datafield><datafield ind1="1" ind2="7" tag="600"><subfield code="a">Deledda, Grazia</subfield><subfield code="d">1871-1936</subfield><subfield code="t">Cosima</subfield><subfield code="0">(DE-588)4839585-7</subfield><subfield code="2">gnd</subfield></datafield><datafield ind1=" " ind2="7" tag="655"><subfield code="a">Kommentar</subfield><subfield code="2">gnd-content</subfield></datafield><datafield ind1="1" ind2=" " tag="700"><subfield code="6">880-02</subfield><subfield code="a">Manca, Dino</subfield><subfield code="d">1965-</subfield><subfield code="0">(DE-588)1147005818</subfield><subfield code="4">edt</subfield></datafield><datafield ind1="1" ind2=" " tag="880"><subfield code="6">700-02/(B</subfield><subfield code="a">Manca, Dino</subfield><subfield code="d">1965-....</subfield><subfield code="0">(IDREF)116054042</subfield><subfield code="4">edt</subfield></datafield><datafield ind1="1" ind2=" " tag="880"><subfield code="6">700-02</subfield><subfield code="a">Manca, Dino</subfield><subfield code="0">(RERO)A012949655</subfield></datafield><datafield ind1="4" ind2="2" tag="856"><subfield code="3">Titelblatt und Inhaltsverzeichnis</subfield><subfield code="u">https://toc.library.ethz.ch/objects/pdf03/z01_978-88-6025-384-2_01.pdf</subfield><subfield code="q">pdf</subfield></datafield><datafield ind1=" " ind2="0" tag="830"><subfield code="a">Filologia della letteratura degli italiani</subfield><subfield code="p">Strumenti</subfield><subfield code="v">1</subfield><subfield code="w">(IDSBB)006797190DSV01</subfield></datafield><datafield ind1=" " ind2="0" tag="830"><subfield code="a">Filologia della letteratura degli italiani</subfield><subfield code="p">Edizioni critiche</subfield><subfield code="v">1</subfield><subfield code="w">(IDSBB)006797189DSV01</subfield></datafield><datafield ind1=" " ind2=" " tag="900"><subfield code="a">Stoppsignal FRED</subfield><subfield code="x">08.05.2018</subfield></datafield><datafield ind1=" " ind2=" " tag="900"><subfield code="a">IDSZ2zbzmon201702f</subfield><subfield code="c">IDSZ2murd</subfield><subfield code="d">IDSZ2zbzswk201703k</subfield><subfield code="e">IDSZ2kara</subfield></datafield><datafield ind1=" " ind2=" " tag="949"><subfield code="a">https://toc.library.ethz.ch/objects/pdf03/z01_978-88-6025-384-2_01.pdf</subfield></datafield><datafield ind1=" " ind2=" " tag="993"><subfield code="a">BFLA 277094</subfield><subfield code="x">ge/ulit/a/17/249</subfield><subfield code="9">LOCAL</subfield></datafield></record>
</metadata></record>