<record><header><identifier>oai:alma.41SLSP_UGE:991000029829705502</identifier><datestamp>2023-03-01T01:09:18Z</datestamp><setSpec>uge_bcen_RapidILL_BOOK</setSpec><setSpec>uge_aaca_RapidILL_BOOK</setSpec><setSpec>uge_abels_RapidILL_BOOK</setSpec><setSpec>uge_dbu_RapidILL_BOOK</setSpec><setSpec>uge_cmu_RapidILL_BOOK</setSpec><setSpec>uge_mail_RapidILL_BOOK</setSpec><setSpec>UNIGE_ALL</setSpec><setSpec>uge_abbat_RapidILL_BOOK</setSpec><setSpec>uge_aobs_RapidILL_BOOK</setSpec><setSpec>uge_acar_RapidILL_BOOK</setSpec></header><metadata>
<record xmlns="http://www.loc.gov/MARC21/slim" xmlns:xsi="http://www.w3.org/2001/XMLSchema-instance" xsi:schemaLocation="http://www.loc.gov/MARC21/slim http://www.loc.gov/standards/marcxml/schema/MARC21slim.xsd"><leader>02664nam a22004452c 4500</leader><controlfield tag="001">991000029829705502</controlfield><controlfield tag="005">20211119184254.0</controlfield><controlfield tag="008">120315s2011    ru ||||| |||| 00| ||rus d</controlfield><datafield ind1=" " ind2=" " tag="020"><subfield code="a">5916741499</subfield></datafield><datafield ind1=" " ind2=" " tag="020"><subfield code="a">9785916741490</subfield></datafield><datafield ind1=" " ind2=" " tag="035"><subfield code="a">(swissbib)115677607-41slsp_network</subfield></datafield><datafield ind1=" " ind2=" " tag="035"><subfield code="a">115677607</subfield><subfield code="9">ExL</subfield></datafield><datafield ind1=" " ind2=" " tag="035"><subfield code="a">(RERO)R007021617-41slsp</subfield></datafield><datafield ind1=" " ind2=" " tag="035"><subfield code="a">(EXLNZ-41SLSP_NETWORK)991019920619705501</subfield></datafield><datafield ind1=" " ind2=" " tag="040"><subfield code="a">EVIEW</subfield><subfield code="d">CH-ZuSLS</subfield></datafield><datafield ind1=" " ind2="4" tag="050"><subfield code="a">N8189.R9</subfield><subfield code="b">A58 2011</subfield></datafield><datafield ind1=" " ind2="7" tag="072"><subfield code="a">ru</subfield><subfield code="2">rero</subfield></datafield><datafield ind1="1" ind2=" " tag="100"><subfield code="6">880-01</subfield><subfield code="a">Antonov, Dmitrij Igorevič</subfield><subfield code="0">(IDREF)146413237</subfield><subfield code="4">cre</subfield></datafield><datafield ind1="1" ind2=" " tag="880"><subfield code="6">100-01/(N</subfield><subfield code="a">Антонов, Дмитрий Игоревич</subfield><subfield code="d">1972-</subfield></datafield><datafield ind1="1" ind2="0" tag="245"><subfield code="6">880-02</subfield><subfield code="a">Demony i greshniki v drevnerusskoĭ ikonografii</subfield><subfield code="b">semiotika obraza</subfield><subfield code="c">D.I. Antonov, M.R. Maizulʹs</subfield></datafield><datafield ind1="1" ind2="0" tag="880"><subfield code="6">245-02/(N</subfield><subfield code="a">Демоны и грешники в древнерусской иконографии</subfield><subfield code="b">семиотика образа</subfield><subfield code="c">Д.И. Антонов, М.Р. Маизульс</subfield></datafield><datafield ind1="1" ind2=" " tag="246"><subfield code="a">Demony i grešniki v drevnerusskoj ikonografii</subfield></datafield><datafield ind1=" " ind2="1" tag="264"><subfield code="6">880-03</subfield><subfield code="a">Moskva</subfield><subfield code="b">Indrik</subfield><subfield code="c">2011</subfield></datafield><datafield ind1=" " ind2="1" tag="880"><subfield code="6">264-03/(N</subfield><subfield code="a">Москва</subfield><subfield code="b">Индрик</subfield><subfield code="c">2011</subfield></datafield><datafield ind1=" " ind2=" " tag="300"><subfield code="a">375 p.</subfield><subfield code="b">ill. (some col.)</subfield><subfield code="c">25 cm.</subfield></datafield><datafield ind1=" " ind2=" " tag="336"><subfield code="b">txt</subfield><subfield code="2">rdacontent</subfield></datafield><datafield ind1=" " ind2=" " tag="337"><subfield code="b">n</subfield><subfield code="2">rdamedia</subfield></datafield><datafield ind1=" " ind2=" " tag="338"><subfield code="b">nc</subfield><subfield code="2">rdacarrier</subfield></datafield><datafield ind1=" " ind2=" " tag="504"><subfield code="a">Includes bibliographical references (p. 345-375).</subfield></datafield><datafield ind1=" " ind2="0" tag="650"><subfield code="a">Devil</subfield><subfield code="x">Christianity</subfield><subfield code="x">Early works to 1800</subfield></datafield><datafield ind1=" " ind2="0" tag="650"><subfield code="a">Devil in art</subfield></datafield><datafield ind1=" " ind2="0" tag="650"><subfield code="a">Icons, Russian</subfield><subfield code="x">Themes, motives</subfield></datafield><datafield ind1=" " ind2="0" tag="650"><subfield code="a">Semiotics and the arts</subfield></datafield><datafield ind1=" " ind2="0" tag="650"><subfield code="a">Sin</subfield><subfield code="x">Christianity</subfield><subfield code="x">Early works to 1800</subfield></datafield><datafield ind1=" " ind2="0" tag="650"><subfield code="a">Sin in art</subfield></datafield><datafield ind1=" " ind2="7" tag="650"><subfield code="a">diable - image</subfield><subfield code="0">(RERO)A010073771</subfield><subfield code="2">rerovoc</subfield></datafield><datafield ind1=" " ind2="7" tag="651"><subfield code="a">Russie</subfield><subfield code="0">(IDREF)027342395</subfield><subfield code="2">idref</subfield></datafield><datafield ind1="1" ind2=" " tag="700"><subfield code="6">880-04</subfield><subfield code="a">Majzulʹs, Mihail Romanovič</subfield><subfield code="0">(IDREF)181450607</subfield></datafield><datafield ind1="1" ind2=" " tag="880"><subfield code="6">700-04/(N</subfield><subfield code="a">Майзульс, М. П.</subfield><subfield code="q">Михаил Романович</subfield></datafield><datafield ind1=" " ind2=" " tag="900"><subfield code="a">REROnoselfmerge</subfield></datafield><datafield ind1=" " ind2=" " tag="910"><subfield code="a">OCoLC</subfield><subfield code="b">20120315</subfield><subfield code="c">Droits réservés</subfield></datafield></record>
</metadata></record>