<record><header><identifier>oai:alma.41SLSP_UGE:991000012879705502</identifier><datestamp>2024-03-15T01:28:05Z</datestamp><setSpec>uge_bcen_RapidILL_BOOK</setSpec><setSpec>uge_aaca_RapidILL_BOOK</setSpec><setSpec>uge_abels_RapidILL_BOOK</setSpec><setSpec>uge_dbu_RapidILL_BOOK</setSpec><setSpec>uge_cmu_RapidILL_BOOK</setSpec><setSpec>uge_mail_RapidILL_BOOK</setSpec><setSpec>uge_abbat_RapidILL_BOOK</setSpec><setSpec>UNIGE_ALL</setSpec><setSpec>uge_aobs_RapidILL_BOOK</setSpec><setSpec>uge_acar_RapidILL_BOOK</setSpec></header><metadata>
<record xmlns="http://www.loc.gov/MARC21/slim" xmlns:xsi="http://www.w3.org/2001/XMLSchema-instance" xsi:schemaLocation="http://www.loc.gov/MARC21/slim http://www.loc.gov/standards/marcxml/schema/MARC21slim.xsd"><leader>01242nam a2200313 c 4500</leader><controlfield tag="001">991000012879705502</controlfield><controlfield tag="005">20240314063439.0</controlfield><controlfield tag="008">010925s1741    fr ||||| |||| 00| ||fre d</controlfield><datafield ind1=" " ind2=" " tag="035"><subfield code="a">(swissbib)097175447-41slsp_network</subfield></datafield><datafield ind1=" " ind2=" " tag="035"><subfield code="a">097175447</subfield><subfield code="9">ExL</subfield></datafield><datafield ind1=" " ind2=" " tag="035"><subfield code="a">(RERO)R003094895-41slsp</subfield></datafield><datafield ind1=" " ind2=" " tag="035"><subfield code="a">(EXLNZ-41SLSP_NETWORK)991159533869705501</subfield></datafield><datafield ind1=" " ind2=" " tag="040"><subfield code="a">RERO geulsh</subfield><subfield code="d">CH-ZuSLS</subfield></datafield><datafield ind1=" " ind2="7" tag="072"><subfield code="a">ur</subfield><subfield code="2">rero</subfield></datafield><datafield ind1="1" ind2=" " tag="100"><subfield code="a">Clapasson, André</subfield><subfield code="d">1708-1770</subfield><subfield code="0">(IDREF)072300833</subfield><subfield code="4">cre</subfield></datafield><datafield ind1="1" ind2="0" tag="245"><subfield code="a">Description de la ville de Lyon</subfield><subfield code="b">avec des recherches sur les hommes célèbres qu'elle a produits</subfield></datafield><datafield ind1=" " ind2="1" tag="264"><subfield code="a">A Lyon</subfield><subfield code="b">de l'imprimerie d'Aimé Delaroche, imprimeur de Monseigneur le Duc de Villeroy, et de la Ville, à l'occasion</subfield><subfield code="c">1741</subfield></datafield><datafield ind1=" " ind2=" " tag="300"><subfield code="a">XVI, 283, [3] p.</subfield><subfield code="c">8° (17 cm)</subfield></datafield><datafield ind1=" " ind2=" " tag="336"><subfield code="b">txt</subfield><subfield code="2">rdacontent</subfield></datafield><datafield ind1=" " ind2=" " tag="337"><subfield code="b">n</subfield><subfield code="2">rdamedia</subfield></datafield><datafield ind1=" " ind2=" " tag="338"><subfield code="b">nc</subfield><subfield code="2">rdacarrier</subfield></datafield><datafield ind1=" " ind2=" " tag="500"><subfield code="a">par André Clapasson</subfield></datafield><datafield ind1="3" ind2=" " tag="510"><subfield code="a">BN France</subfield></datafield><datafield ind1=" " ind2="7" tag="650"><subfield code="a">Architecture</subfield><subfield code="0">(IDREF)027228983</subfield><subfield code="2">idref</subfield></datafield><datafield ind1=" " ind2="7" tag="650"><subfield code="a">origines</subfield><subfield code="0">(RERO)A009950802</subfield><subfield code="2">rerovoc</subfield></datafield><datafield ind1=" " ind2="7" tag="650"><subfield code="a">50000 av. J.-C.-18e siècle (début)</subfield><subfield code="0">(RERO)A026986132</subfield><subfield code="2">rero</subfield></datafield><datafield ind1=" " ind2="7" tag="651"><subfield code="a">Lyon (Rhône)</subfield><subfield code="0">(IDREF)027262782</subfield><subfield code="2">idref</subfield></datafield><datafield ind1="1" ind2=" " tag="700"><subfield code="a">La Roche, Aimé de</subfield><subfield code="d">1715-1801</subfield><subfield code="0">(IDREF)032557906</subfield><subfield code="4">prt</subfield></datafield><datafield ind1=" " ind2=" " tag="751"><subfield code="a">Lyon (Rhône)</subfield><subfield code="4">pup</subfield><subfield code="0">(IDREF)027262782</subfield></datafield><datafield ind1=" " ind2=" " tag="900"><subfield code="a">REROswissbibnomerge</subfield></datafield></record>
</metadata></record>