<record><header><identifier>oai:alma.41SLSP_UGE:991000012559705502</identifier><datestamp>2024-04-14T00:14:01Z</datestamp><setSpec>uge_bcen_RapidILL_BOOK</setSpec><setSpec>uge_aaca_RapidILL_BOOK</setSpec><setSpec>uge_abels_RapidILL_BOOK</setSpec><setSpec>uge_dbu_RapidILL_BOOK</setSpec><setSpec>uge_cmu_RapidILL_BOOK</setSpec><setSpec>uge_mail_RapidILL_BOOK</setSpec><setSpec>uge_abbat_RapidILL_BOOK</setSpec><setSpec>UNIGE_ALL</setSpec><setSpec>uge_aobs_RapidILL_BOOK</setSpec><setSpec>uge_acar_RapidILL_BOOK</setSpec></header><metadata>
<record xmlns="http://www.loc.gov/MARC21/slim" xmlns:xsi="http://www.w3.org/2001/XMLSchema-instance" xsi:schemaLocation="http://www.loc.gov/MARC21/slim http://www.loc.gov/standards/marcxml/schema/MARC21slim.xsd"><leader>02923nam a2200709 c 4500</leader><controlfield tag="001">991000012559705502</controlfield><controlfield tag="005">20230320195136.0</controlfield><controlfield tag="008">201011s2009    fr ||||| |||| 00| ||fre d</controlfield><datafield ind1=" " ind2=" " tag="020"><subfield code="a">9782952372695</subfield><subfield code="z">9782952372691</subfield></datafield><datafield ind1=" " ind2=" " tag="020"><subfield code="a">9782952372695</subfield></datafield><datafield ind1=" " ind2=" " tag="035"><subfield code="a">(swissbib)214891747-41slsp_network</subfield></datafield><datafield ind1=" " ind2=" " tag="035"><subfield code="a">214891747</subfield><subfield code="9">ExL</subfield></datafield><datafield ind1=" " ind2=" " tag="035"><subfield code="a">(RERO)R005405753-41slsp</subfield></datafield><datafield ind1=" " ind2=" " tag="035"><subfield code="a">(IDSBB)005270882DSV01</subfield></datafield><datafield ind1=" " ind2=" " tag="035"><subfield code="a">(NEBIS)005991415EBI01</subfield></datafield><datafield ind1=" " ind2=" " tag="035"><subfield code="a">(EXLNZ-41SLSP_NETWORK)991029945329705501</subfield></datafield><datafield ind1=" " ind2=" " tag="040"><subfield code="a">RERO gevbge</subfield><subfield code="d">CH-ZuSLS</subfield></datafield><datafield ind1=" " ind2="7" tag="072"><subfield code="a">ar</subfield><subfield code="2">rero</subfield></datafield><datafield ind1=" " ind2="7" tag="072"><subfield code="a">ae</subfield><subfield code="2">SzZuIDS BS/BE</subfield></datafield><datafield ind1="0" ind2="4" tag="082"><subfield code="a">493.1</subfield><subfield code="2">22</subfield></datafield><datafield ind1="0" ind2="4" tag="082"><subfield code="a">932.01</subfield><subfield code="2">22</subfield></datafield><datafield ind1="0" ind2="4" tag="082"><subfield code="a">932</subfield><subfield code="2">1</subfield></datafield><datafield ind1="0" ind2="4" tag="082"><subfield code="a">962</subfield></datafield><datafield ind1="1" ind2="4" tag="082"><subfield code="a">932</subfield><subfield code="2">22</subfield></datafield><datafield ind1="1" ind2="4" tag="082"><subfield code="a">930</subfield><subfield code="2">15</subfield></datafield><datafield ind1=" " ind2=" " tag="084"><subfield code="a">AX 35170</subfield><subfield code="2">rvk</subfield></datafield><datafield ind1="1" ind2=" " tag="100"><subfield code="6">880-01</subfield><subfield code="a">Wallet-Lebrun, Christiane</subfield><subfield code="d">19..-....</subfield><subfield code="0">(IDREF)140559418</subfield><subfield code="4">cre</subfield></datafield><datafield ind1="1" ind2=" " tag="880"><subfield code="6">100-01</subfield><subfield code="a">Pourvajady, Reza</subfield><subfield code="0">(DE-588)140772901</subfield></datafield><datafield ind1="1" ind2="0" tag="245"><subfield code="a">&lt;&lt;Le&gt;&gt; grand livre de pierre</subfield><subfield code="b">les textes de construction à Karnak</subfield><subfield code="c">Christiane Wallet-Lebrun</subfield></datafield><datafield ind1=" " ind2="1" tag="264"><subfield code="a">Paris</subfield><subfield code="b">Aibl</subfield><subfield code="b">Ed. Soleb</subfield><subfield code="c">2009</subfield></datafield><datafield ind1=" " ind2=" " tag="300"><subfield code="a">542 p.</subfield><subfield code="b">ill. en noir et blanc</subfield><subfield code="c">28 cm</subfield></datafield><datafield ind1=" " ind2=" " tag="336"><subfield code="b">txt</subfield><subfield code="2">rdacontent</subfield></datafield><datafield ind1=" " ind2=" " tag="337"><subfield code="b">n</subfield><subfield code="2">rdamedia</subfield></datafield><datafield ind1=" " ind2=" " tag="338"><subfield code="b">nc</subfield><subfield code="2">rdacarrier</subfield></datafield><datafield ind1="1" ind2=" " tag="490"><subfield code="a">Études d'égyptologie</subfield><subfield code="v">9</subfield></datafield><datafield ind1="1" ind2=" " tag="490"><subfield code="a">Mémoires de l'Académie des inscriptions et belles-lettres</subfield><subfield code="v">t. 41</subfield></datafield><datafield ind1=" " ind2=" " tag="504"><subfield code="a">Bibliographie et abréviations: S. 509-528</subfield></datafield><datafield ind1=" " ind2="7" tag="650"><subfield code="a">Hiéroglyphes</subfield><subfield code="0">(IDREF)029004322</subfield><subfield code="2">idref</subfield></datafield><datafield ind1=" " ind2="7" tag="650"><subfield code="a">Bas-reliefs égyptiens</subfield><subfield code="0">(RERO)A027726886</subfield><subfield code="2">rero</subfield></datafield><datafield ind1=" " ind2="7" tag="650"><subfield code="a">Temples égyptiens</subfield><subfield code="0">(IDREF)027301052</subfield><subfield code="2">idref</subfield></datafield><datafield ind1=" " ind2="7" tag="650"><subfield code="a">Tempel</subfield><subfield code="0">(DE-588)4059416-6</subfield><subfield code="2">gnd</subfield></datafield><datafield ind1=" " ind2="7" tag="650"><subfield code="a">Inschrift</subfield><subfield code="0">(DE-588)4027107-9</subfield><subfield code="2">gnd</subfield></datafield><datafield ind1=" " ind2="7" tag="650"><subfield code="a">Ägyptisch</subfield><subfield code="2">idszbz</subfield></datafield><datafield ind1=" " ind2="7" tag="650"><subfield code="a">Inschrift</subfield><subfield code="2">idszbz</subfield></datafield><datafield ind1=" " ind2="0" tag="650"><subfield code="a">Inscriptions, Egyptian</subfield></datafield><datafield ind1=" " ind2="0" tag="650"><subfield code="a">Temples</subfield><subfield code="z">Egypt</subfield><subfield code="z">Karnak</subfield></datafield><datafield ind1=" " ind2="7" tag="651"><subfield code="a">Karnak (Égypte ; site archéologique)</subfield><subfield code="x">Temple d'Amon</subfield><subfield code="0">(IDREF)027430049</subfield><subfield code="2">idref</subfield></datafield><datafield ind1=" " ind2="7" tag="651"><subfield code="a">Karnak</subfield><subfield code="0">(DE-588)4073264-2</subfield><subfield code="2">gnd</subfield></datafield><datafield ind1=" " ind2="7" tag="651"><subfield code="a">Theben (Ägypten)</subfield><subfield code="2">idszbz</subfield></datafield><datafield ind1=" " ind2="0" tag="651"><subfield code="a">Karnak (Egypt)</subfield><subfield code="x">Antiquities</subfield></datafield><datafield ind1=" " ind2="7" tag="655"><subfield code="a">[Études diverses]</subfield><subfield code="0">(RERO)A022249905</subfield><subfield code="2">rero</subfield></datafield><datafield ind1=" " ind2="7" tag="655"><subfield code="a">Quelle</subfield><subfield code="2">gnd-content</subfield></datafield><datafield ind1=" " ind2="7" tag="655"><subfield code="a">Ausgabe</subfield><subfield code="2">idszbz</subfield></datafield><datafield ind1="4" ind2=" " tag="856"><subfield code="3">Titelblatt und Inhaltsverzeichnis</subfield><subfield code="u">https://toc.library.ethz.ch/objects/pdf/z01_978-2-95237269-5_01.pdf</subfield><subfield code="q">pdf</subfield></datafield><datafield ind1=" " ind2="0" tag="830"><subfield code="a">Mémoires de l'Académie des Inscriptions et Belles-Lettres</subfield><subfield code="v">41</subfield><subfield code="w">(IDSBB)000154693DSV01</subfield></datafield><datafield ind1=" " ind2="0" tag="830"><subfield code="a">Etudes d'égyptologie</subfield><subfield code="v">9</subfield><subfield code="w">(IDSBB)003309757DSV01</subfield></datafield><datafield ind1=" " ind2="0" tag="830"><subfield code="a">Etudes d'égyptologie</subfield><subfield code="v">9</subfield><subfield code="w">(NEBIS)004539156EBI01</subfield></datafield><datafield ind1=" " ind2="0" tag="830"><subfield code="a">Etudes d'égyptologie</subfield><subfield code="p">Cybèle</subfield><subfield code="v">9</subfield><subfield code="w">(RERO)R003370143-41slsp</subfield></datafield><datafield ind1=" " ind2="0" tag="830"><subfield code="a">Mémoires de l'Académie des inscriptions et belles-lettres</subfield><subfield code="v">41</subfield><subfield code="w">(RERO)0178032-41slsp</subfield></datafield><datafield ind1=" " ind2="0" tag="830"><subfield code="a">Mémoires de l'Académie des Inscriptions et Belles-Lettres</subfield><subfield code="v">41</subfield><subfield code="w">(NEBIS)000989334EBI01</subfield></datafield><datafield ind1=" " ind2=" " tag="900"><subfield code="a">REROnoselfmerge</subfield></datafield><datafield ind1=" " ind2=" " tag="900"><subfield code="a">IDSZ2zbzmon201002e</subfield><subfield code="c">IDSZ2dimi</subfield><subfield code="d">IDSZ2zbzswk201007b</subfield><subfield code="e">IDSZ2brue</subfield></datafield><datafield ind1=" " ind2=" " tag="949"><subfield code="a">https://toc.library.ethz.ch/objects/pdf/z01_978-2-95237269-5_01.pdf</subfield></datafield></record>
</metadata></record>