<record><header><identifier>oai:alma.41SLSP_UGE:991000012369705502</identifier><datestamp>2023-12-05T01:28:37Z</datestamp><setSpec>uge_bcen_RapidILL_BOOK</setSpec><setSpec>uge_aaca_RapidILL_BOOK</setSpec><setSpec>uge_abels_RapidILL_BOOK</setSpec><setSpec>uge_dbu_RapidILL_BOOK</setSpec><setSpec>uge_cmu_RapidILL_BOOK</setSpec><setSpec>uge_mail_RapidILL_BOOK</setSpec><setSpec>uge_abbat_RapidILL_BOOK</setSpec><setSpec>UNIGE_ALL</setSpec><setSpec>uge_aobs_RapidILL_BOOK</setSpec><setSpec>uge_acar_RapidILL_BOOK</setSpec></header><metadata>
<record xmlns="http://www.loc.gov/MARC21/slim" xmlns:xsi="http://www.w3.org/2001/XMLSchema-instance" xsi:schemaLocation="http://www.loc.gov/MARC21/slim http://www.loc.gov/standards/marcxml/schema/MARC21slim.xsd"><leader>04005nam a2200757 c 4500</leader><controlfield tag="001">991000012369705502</controlfield><controlfield tag="005">20231204132722.0</controlfield><controlfield tag="008">201011s1996    xxu||||| |||| 00| ||eng d</controlfield><datafield ind1=" " ind2=" " tag="020"><subfield code="a">9780300066067</subfield></datafield><datafield ind1=" " ind2=" " tag="020"><subfield code="a">0300066066</subfield><subfield code="q">cloth : alk. paper</subfield></datafield><datafield ind1="7" ind2=" " tag="024"><subfield code="a">http://catalogue.bnf.fr/ark:/12148/cb37111625z</subfield><subfield code="2">uri</subfield></datafield><datafield ind1=" " ind2=" " tag="035"><subfield code="a">(swissbib)212614126-41slsp_network</subfield></datafield><datafield ind1=" " ind2=" " tag="035"><subfield code="a">212614126</subfield><subfield code="9">ExL</subfield></datafield><datafield ind1=" " ind2=" " tag="035"><subfield code="a">(RERO)R215734260-41slsp</subfield></datafield><datafield ind1=" " ind2=" " tag="035"><subfield code="a">(IDSBB)001311661DSV01</subfield></datafield><datafield ind1=" " ind2=" " tag="035"><subfield code="a">(NEBIS)001612019EBI01</subfield></datafield><datafield ind1=" " ind2=" " tag="035"><subfield code="a">(IDSLU)000745506ILU01</subfield></datafield><datafield ind1=" " ind2=" " tag="035"><subfield code="a">(IDSSG)000205634HSB01</subfield></datafield><datafield ind1=" " ind2=" " tag="035"><subfield code="a">(EXLNZ-41SLSP_NETWORK)991029366129705501</subfield></datafield><datafield ind1=" " ind2=" " tag="040"><subfield code="a">RERO geuses</subfield><subfield code="d">CH-ZuSLS EPFL</subfield></datafield><datafield ind1=" " ind2=" " tag="044"><subfield code="a">xxu</subfield><subfield code="a">xxk</subfield></datafield><datafield ind1=" " ind2="7" tag="072"><subfield code="a">ph</subfield><subfield code="2">rero</subfield></datafield><datafield ind1=" " ind2="7" tag="072"><subfield code="a">ss</subfield><subfield code="2">rero</subfield></datafield><datafield ind1=" " ind2="7" tag="072"><subfield code="a">ph</subfield><subfield code="2">SzZuIDS BS/BE</subfield></datafield><datafield ind1=" " ind2="7" tag="072"><subfield code="a">wi</subfield><subfield code="2">SzZuIDS BS/BE</subfield></datafield><datafield ind1=" " ind2="7" tag="072"><subfield code="a">160</subfield><subfield code="2">IDS LU</subfield></datafield><datafield ind1="0" ind2="0" tag="082"><subfield code="a">300/.1</subfield><subfield code="2">20</subfield></datafield><datafield ind1="0" ind2="4" tag="082"><subfield code="a">300/.1 20</subfield><subfield code="2">22/ger</subfield></datafield><datafield ind1="1" ind2="4" tag="082"><subfield code="a">330</subfield><subfield code="2">15</subfield></datafield><datafield ind1="1" ind2="4" tag="082"><subfield code="a">300.1</subfield></datafield><datafield ind1=" " ind2=" " tag="084"><subfield code="a">CC 3900</subfield><subfield code="2">rvk</subfield></datafield><datafield ind1=" " ind2=" " tag="084"><subfield code="a">CC 7750</subfield><subfield code="2">rvk</subfield></datafield><datafield ind1=" " ind2=" " tag="084"><subfield code="a">MR 1050</subfield><subfield code="2">rvk</subfield></datafield><datafield ind1="1" ind2=" " tag="100"><subfield code="6">880-01</subfield><subfield code="a">Bunge, Mario</subfield><subfield code="d">1919-2020</subfield><subfield code="0">(DE-588)119060973</subfield></datafield><datafield ind1="1" ind2=" " tag="880"><subfield code="6">100-01</subfield><subfield code="a">Bunge, Mario</subfield><subfield code="d">1919-2020</subfield><subfield code="0">(IDREF)026758881</subfield><subfield code="4">cre</subfield></datafield><datafield ind1="1" ind2="0" tag="245"><subfield code="a">Finding philosophy in social science</subfield><subfield code="c">Mario Bunge</subfield></datafield><datafield ind1=" " ind2="1" tag="264"><subfield code="a">New Haven [etc.]</subfield><subfield code="b">Yale University Press</subfield><subfield code="c">[1996]</subfield></datafield><datafield ind1=" " ind2="4" tag="264"><subfield code="c">© 1996</subfield></datafield><datafield ind1=" " ind2=" " tag="300"><subfield code="a">XII, 432 p.</subfield><subfield code="b">ill.</subfield><subfield code="c">25 cm</subfield></datafield><datafield ind1=" " ind2=" " tag="336"><subfield code="b">txt</subfield><subfield code="2">rdacontent</subfield></datafield><datafield ind1=" " ind2=" " tag="337"><subfield code="b">n</subfield><subfield code="2">rdamedia</subfield></datafield><datafield ind1=" " ind2=" " tag="338"><subfield code="b">nc</subfield><subfield code="2">rdacarrier</subfield></datafield><datafield ind1=" " ind2="7" tag="650"><subfield code="a">Philosophie</subfield><subfield code="0">(IDREF)027295206</subfield><subfield code="2">idref</subfield></datafield><datafield ind1=" " ind2="7" tag="650"><subfield code="a">Sciences sociales</subfield><subfield code="0">(IDREF)027248321</subfield><subfield code="2">idref</subfield></datafield><datafield ind1=" " ind2="7" tag="650"><subfield code="a">Sozialwissenschaften</subfield><subfield code="x">Philosophie</subfield><subfield code="2">idsbb</subfield></datafield><datafield ind1=" " ind2="7" tag="650"><subfield code="a">Philosophie</subfield><subfield code="x">Sozialwissenschaften</subfield><subfield code="2">idsbb</subfield></datafield><datafield ind1=" " ind2="7" tag="650"><subfield code="a">Philosophie</subfield><subfield code="2">idszbz</subfield></datafield><datafield ind1=" " ind2="7" tag="650"><subfield code="a">Sozialwissenschaften</subfield><subfield code="2">idszbz</subfield></datafield><datafield ind1=" " ind2="7" tag="650"><subfield code="a">Wissenschaftsphilosophie</subfield><subfield code="0">(DE-588)4202787-1</subfield><subfield code="2">gnd</subfield></datafield><datafield ind1=" " ind2="7" tag="650"><subfield code="a">Erkenntnistheorie</subfield><subfield code="0">(DE-588)4070914-0</subfield><subfield code="2">gnd</subfield></datafield><datafield ind1=" " ind2="0" tag="650"><subfield code="a">Philosophy and social sciences</subfield></datafield><datafield ind1=" " ind2="0" tag="650"><subfield code="a">Social sciences</subfield><subfield code="x">Philosophy</subfield></datafield><datafield ind1=" " ind2="7" tag="650"><subfield code="a">Sozialwissenschaften</subfield><subfield code="0">(DE-588)4055916-6</subfield><subfield code="2">gnd</subfield></datafield><datafield ind1=" " ind2="7" tag="650"><subfield code="a">Philosophie</subfield><subfield code="0">(DE-588)4045791-6</subfield><subfield code="2">gnd</subfield></datafield><datafield ind1=" " ind2="7" tag="650"><subfield code="a">Wissenschaftstheorie</subfield><subfield code="0">(DE-588)4117665-0</subfield><subfield code="2">gnd</subfield></datafield><datafield ind1=" " ind2=" " tag="690"><subfield code="a">Sozialwissenschaften</subfield><subfield code="2">nebis-E4</subfield></datafield><datafield ind1=" " ind2=" " tag="690"><subfield code="a">Wissenschaftsphilosophie</subfield><subfield code="2">nebis-E4</subfield></datafield><datafield ind1=" " ind2=" " tag="690"><subfield code="a">Erkenntnistheorie</subfield><subfield code="2">nebis-E4</subfield></datafield><datafield ind1=" " ind2=" " tag="690"><subfield code="a">Sozialwissenschaft</subfield><subfield code="2">uzb-UH</subfield></datafield><datafield ind1=" " ind2=" " tag="690"><subfield code="a">Social science ; Social Science ; Science ; Philosophy ; Theory ; Metatheory ; Moral ; Emergence ; Fuzziness ; Exactness ; Causation ; Truth ; Formalization ; Classification ; Justification ; Proposition ; Testability ; Weight ; Property ; Chaos ; Judicial subject ; Pseudoscience ; Individualism ; Ethics ; Empiricism ; Holism ; Choice theory ; Shortcoming ; Assumption ; Datum ; Ideology ; Medical operation ; Unity ; utilities ; Utility ; Freedom ; Idealism ; Materialism ; Criticism ; Rationalism ; Reductionism ; Mergger ; Root ; Relation ; Probability ; Inquiry ; Chemical reduction ; Indicator ; Social Indicator ; Realism ; Conventionalism ; Relativism ; Subjectivity ; Forecast ; Objectives ; Controversy ; Thing ; Event ; Idea ; Haven ; Knowledge ; Pragmatism ; Intuitionism ; Research ; Rationality ; Phenomenon ; Paradigm ; Hypothesis ; Designer ; Social Structure ; Micro ; Macroinstruction ; Constructivism ; Obscurantism ; Foundation ; Version ; Maximizer ; Survivor ; Unconscious ; Evaluation ; Crack ; presentation ; Logic ; Operationalization ; Bone ; Closet ; Futility</subfield><subfield code="2">idssg-J</subfield></datafield><datafield ind1=" " ind2=" " tag="690"><subfield code="a">Ratio-Empiricism</subfield><subfield code="2">idssg-J</subfield></datafield><datafield ind1=" " ind2=" " tag="690"><subfield code="a">Social Fact; Logical Form; Systemic Approach; Social System; Contemporary Hermeneutics; Rational Choice Approach</subfield><subfield code="2">idssg-J</subfield></datafield><datafield ind1=" " ind2=" " tag="690"><subfield code="a">State [100]; London [31]</subfield><subfield code="2">idssg-J</subfield></datafield><datafield ind1=" " ind2=" " tag="690"><subfield code="a">Systetnatization; Verstehen; Hindcast; et; al; Individholism; Crypto; Systemism; Phenomenology; Jntuitionism; Subjectivism; Epistemological; Hermeneutics; NEW; CONTENTS; APPENDIXES</subfield><subfield code="2">idssg-J</subfield></datafield><datafield ind1="4" ind2=" " tag="856"><subfield code="3">Inhaltsverzeichnis</subfield><subfield code="u">http://www.ub.unibas.ch/tox/HBZ/HT007293732/PDF</subfield><subfield code="q">pdf</subfield></datafield><datafield ind1=" " ind2=" " tag="900"><subfield code="a">REROnoselfmerge</subfield></datafield><datafield ind1=" " ind2=" " tag="949"><subfield code="a">http://www.ub.unibas.ch/tox/HBZ/HT007293732/PDF</subfield></datafield></record>
</metadata></record>