<record><header><identifier>oai:alma.41SLSP_UGE:991000012679705502</identifier><datestamp>2024-09-13T00:14:34Z</datestamp><setSpec>uge_bcen_RapidILL_BOOK</setSpec><setSpec>uge_aaca_RapidILL_BOOK</setSpec><setSpec>uge_abels_RapidILL_BOOK</setSpec><setSpec>uge_dbu_RapidILL_BOOK</setSpec><setSpec>uge_cmu_RapidILL_BOOK</setSpec><setSpec>uge_mail_RapidILL_BOOK</setSpec><setSpec>uge_abbat_RapidILL_BOOK</setSpec><setSpec>UNIGE_ALL</setSpec><setSpec>uge_aobs_RapidILL_BOOK</setSpec><setSpec>uge_acar_RapidILL_BOOK</setSpec></header><metadata>
<record xmlns="http://www.loc.gov/MARC21/slim" xmlns:xsi="http://www.w3.org/2001/XMLSchema-instance" xsi:schemaLocation="http://www.loc.gov/MARC21/slim http://www.loc.gov/standards/marcxml/schema/MARC21slim.xsd"><leader>01522nam a2200397 c 4500</leader><controlfield tag="001">991000012679705502</controlfield><controlfield tag="005">20240912200833.0</controlfield><controlfield tag="008">201011s1957    gw ||||| |||| 00| ||ger d</controlfield><datafield ind1=" " ind2=" " tag="035"><subfield code="a">(swissbib)212998277-41slsp_network</subfield></datafield><datafield ind1=" " ind2=" " tag="035"><subfield code="a">212998277</subfield><subfield code="9">ExL</subfield></datafield><datafield ind1=" " ind2=" " tag="035"><subfield code="a">(RERO)0540935-41slsp</subfield></datafield><datafield ind1=" " ind2=" " tag="035"><subfield code="a">(IDSBB)000459534DSV01</subfield></datafield><datafield ind1=" " ind2=" " tag="035"><subfield code="a">(NEBIS)000760943EBI01</subfield></datafield><datafield ind1=" " ind2=" " tag="035"><subfield code="a">(EXLNZ-41SLSP_NETWORK)991051446809705501</subfield></datafield><datafield ind1=" " ind2=" " tag="040"><subfield code="a">RERO</subfield><subfield code="d">CH-ZuSLS</subfield></datafield><datafield ind1=" " ind2="7" tag="072"><subfield code="a">ma</subfield><subfield code="2">rero</subfield></datafield><datafield ind1=" " ind2="7" tag="072"><subfield code="a">py</subfield><subfield code="2">rero</subfield></datafield><datafield ind1=" " ind2="7" tag="072"><subfield code="a">mt</subfield><subfield code="2">SzZuIDS BS/BE</subfield></datafield><datafield ind1="1" ind2="4" tag="082"><subfield code="a">510</subfield><subfield code="2">15</subfield></datafield><datafield ind1="1" ind2=" " tag="100"><subfield code="a">Mueller, Claus</subfield><subfield code="c">Mathématicien</subfield><subfield code="0">(RERO)A012385476</subfield><subfield code="4">cre</subfield></datafield><datafield ind1="1" ind2="0" tag="245"><subfield code="a">Grundprobleme der mathematischen Theorie elektromagnetischer Schwingungen</subfield><subfield code="c">Claus Mueller</subfield></datafield><datafield ind1=" " ind2="1" tag="264"><subfield code="a">Berlin</subfield><subfield code="a">Goettingen [etc.]</subfield><subfield code="b">Springer</subfield><subfield code="c">1957</subfield></datafield><datafield ind1=" " ind2=" " tag="300"><subfield code="a">VIII, 344 p.</subfield><subfield code="c">24 cm</subfield></datafield><datafield ind1=" " ind2=" " tag="336"><subfield code="b">txt</subfield><subfield code="2">rdacontent</subfield></datafield><datafield ind1=" " ind2=" " tag="337"><subfield code="b">n</subfield><subfield code="2">rdamedia</subfield></datafield><datafield ind1=" " ind2=" " tag="338"><subfield code="b">nc</subfield><subfield code="2">rdacarrier</subfield></datafield><datafield ind1="1" ind2=" " tag="490"><subfield code="a">Die Grundlehren der mathematischen Wissenschaften</subfield><subfield code="v">Bd. 88</subfield></datafield><datafield ind1=" " ind2="4" tag="650"><subfield code="a">Elektromagnetische Schwingung</subfield></datafield><datafield ind1=" " ind2="4" tag="650"><subfield code="a">Elektromagnetische Welle</subfield></datafield><datafield ind1=" " ind2="4" tag="650"><subfield code="a">Mathematik</subfield></datafield><datafield ind1=" " ind2="4" tag="650"><subfield code="a">Theorie</subfield></datafield><datafield ind1=" " ind2=" " tag="690"><subfield code="a">Mathematik / Angewandte Mathematik / Einzelne Anwendungsbereiche / Physik</subfield><subfield code="2">uzb-Z9</subfield></datafield><datafield ind1=" " ind2=" " tag="690"><subfield code="a">Schwingungslehre</subfield><subfield code="2">uzb-Z9</subfield></datafield><datafield ind1="1" ind2=" " tag="700"><subfield code="a">Müller, Claus</subfield></datafield><datafield ind1=" " ind2=" " tag="830"><subfield code="a">Grundlehren der mathematischen Wissenschaften</subfield><subfield code="v">88</subfield><subfield code="w">(RERO)0009987-41slsp</subfield></datafield><datafield ind1=" " ind2=" " tag="830"><subfield code="a">&lt;&lt;Die&gt;&gt; Grundlehren der mathematischen Wissenschaften in Einzeldarstellungen mit besonderer Berücksichtigung der Anwendungsgebiete</subfield><subfield code="v">88</subfield><subfield code="w">(NEBIS)000023182EBI01</subfield></datafield><datafield ind1=" " ind2=" " tag="900"><subfield code="a">REROnoselfmerge</subfield></datafield></record>
</metadata></record>