<record><header><identifier>oai:alma.41SLSP_UGE:991000012989705502</identifier><datestamp>2023-06-30T00:17:54Z</datestamp><setSpec>uge_bcen_RapidILL_BOOK</setSpec><setSpec>uge_aaca_RapidILL_BOOK</setSpec><setSpec>uge_abels_RapidILL_BOOK</setSpec><setSpec>uge_dbu_RapidILL_BOOK</setSpec><setSpec>uge_cmu_RapidILL_BOOK</setSpec><setSpec>uge_mail_RapidILL_BOOK</setSpec><setSpec>uge_abbat_RapidILL_BOOK</setSpec><setSpec>UNIGE_ALL</setSpec><setSpec>uge_aobs_RapidILL_BOOK</setSpec><setSpec>uge_acar_RapidILL_BOOK</setSpec></header><metadata>
<record xmlns="http://www.loc.gov/MARC21/slim" xmlns:xsi="http://www.w3.org/2001/XMLSchema-instance" xsi:schemaLocation="http://www.loc.gov/MARC21/slim http://www.loc.gov/standards/marcxml/schema/MARC21slim.xsd"><leader>01876nam a2200445 c 4500</leader><controlfield tag="001">991000012989705502</controlfield><controlfield tag="005">20230629192250.0</controlfield><controlfield tag="008">201011s1960    gw ||||| |||| 00| ||ger d</controlfield><datafield ind1=" " ind2=" " tag="035"><subfield code="a">(swissbib)215263030-41slsp_network</subfield></datafield><datafield ind1=" " ind2=" " tag="035"><subfield code="a">215263030</subfield><subfield code="9">ExL</subfield></datafield><datafield ind1=" " ind2=" " tag="035"><subfield code="a">(RERO)1252578-41slsp</subfield></datafield><datafield ind1=" " ind2=" " tag="035"><subfield code="a">(NEBIS)002554243EBI01</subfield></datafield><datafield ind1=" " ind2=" " tag="035"><subfield code="a">(IDSBB)002368913DSV01</subfield></datafield><datafield ind1=" " ind2=" " tag="035"><subfield code="a">(EXLNZ-41SLSP_NETWORK)991009181349705501</subfield></datafield><datafield ind1=" " ind2=" " tag="040"><subfield code="a">RERO laisdc</subfield><subfield code="d">CH-ZuSLS</subfield></datafield><datafield ind1=" " ind2="7" tag="072"><subfield code="a">dr</subfield><subfield code="2">rero</subfield></datafield><datafield ind1="1" ind2="4" tag="082"><subfield code="a">330</subfield><subfield code="2">15</subfield></datafield><datafield ind1=" " ind2=" " tag="084"><subfield code="a">CA/DDR 45 g</subfield><subfield code="2">cjurrom</subfield></datafield><datafield ind1="1" ind2=" " tag="100"><subfield code="a">Samson, Benvenuto</subfield><subfield code="d">1887-1983</subfield><subfield code="0">(IDREF)219563047</subfield><subfield code="4">cre</subfield></datafield><datafield ind1="1" ind2="0" tag="245"><subfield code="a">Grundzüge des mitteldeutschen Wirtschaftsrechts</subfield><subfield code="c">von Benvenuto Samson</subfield></datafield><datafield ind1=" " ind2=" " tag="250"><subfield code="a">Vollständig neu bearbeitete 2. Auflage</subfield></datafield><datafield ind1=" " ind2="1" tag="264"><subfield code="a">Frankfurt a.M.</subfield><subfield code="a">Berlin</subfield><subfield code="b">A. Metzner Verl.</subfield><subfield code="c">1960</subfield></datafield><datafield ind1=" " ind2=" " tag="300"><subfield code="a">146 p.</subfield><subfield code="c">21 cm</subfield></datafield><datafield ind1=" " ind2=" " tag="336"><subfield code="b">txt</subfield><subfield code="2">rdacontent</subfield></datafield><datafield ind1=" " ind2=" " tag="337"><subfield code="b">n</subfield><subfield code="2">rdamedia</subfield></datafield><datafield ind1=" " ind2=" " tag="338"><subfield code="b">nc</subfield><subfield code="2">rdacarrier</subfield></datafield><datafield ind1=" " ind2=" " tag="500"><subfield code="a">Titre de la 1ère éd.: Planungsrecht und Recht der volkseigenen Betriebe in der sowjetischen Besatzungszone</subfield></datafield><datafield ind1=" " ind2=" " tag="500"><subfield code="a">1. Aufl. u.d.T.: Planungsrecht und Recht der volkseigenen Betriebe in der sowjetischen Besatzungszone</subfield></datafield><datafield ind1=" " ind2="7" tag="650"><subfield code="a">Staatswissenschaft</subfield><subfield code="9">ger</subfield><subfield code="0">(RERO)jurivoc000021210ger</subfield><subfield code="2">jurivoc</subfield></datafield><datafield ind1=" " ind2="7" tag="650"><subfield code="a">Wirtschaft</subfield><subfield code="9">ger</subfield><subfield code="0">(RERO)jurivoc000026671ger</subfield><subfield code="2">jurivoc</subfield></datafield><datafield ind1=" " ind2="7" tag="650"><subfield code="a">Droit commercial</subfield><subfield code="0">(IDREF)050124153</subfield><subfield code="2">idref</subfield></datafield><datafield ind1=" " ind2="7" tag="650"><subfield code="a">Planungsrecht</subfield><subfield code="0">(DE-588)4121482-1</subfield><subfield code="2">gnd</subfield></datafield><datafield ind1=" " ind2="4" tag="650"><subfield code="a">Wirtschaftsrecht</subfield></datafield><datafield ind1=" " ind2="7" tag="650"><subfield code="a">Volkswirtschaft</subfield><subfield code="0">(DE-STW)10025-6</subfield><subfield code="2">stw</subfield></datafield><datafield ind1=" " ind2="7" tag="651"><subfield code="a">Allemagne (République démocratique)</subfield><subfield code="0">(IDREF)027223736</subfield><subfield code="2">idref</subfield></datafield><datafield ind1=" " ind2="7" tag="651"><subfield code="a">Deutschland</subfield><subfield code="g">Gebiet unter Alliierter Besatzung, Sowjetische Zone</subfield><subfield code="0">(DE-588)35102-7</subfield><subfield code="2">gnd</subfield></datafield><datafield ind1=" " ind2="4" tag="651"><subfield code="a">Deutschland (DDR)</subfield></datafield><datafield ind1=" " ind2="7" tag="651"><subfield code="a">Deutschland</subfield><subfield code="0">(DE-588)4011882-4</subfield><subfield code="2">gnd</subfield></datafield><datafield ind1=" " ind2=" " tag="691"><subfield code="e">347</subfield><subfield code="a">Zivilrecht, Osteuropa</subfield><subfield code="2">ube-GL</subfield></datafield><datafield ind1=" " ind2=" " tag="900"><subfield code="a">IDSERMedeaSOZARCH</subfield></datafield><datafield ind1=" " ind2=" " tag="900"><subfield code="a">IDSZ2rwimon201103l</subfield><subfield code="c">IDSZ2irell</subfield><subfield code="d">IDSZ2rwiswk201410r</subfield><subfield code="e">IDSZ2paru</subfield></datafield></record>
</metadata></record>