<record><header><identifier>oai:alma.41SLSP_UGE:991000013299705502</identifier><datestamp>2023-04-10T00:46:25Z</datestamp><setSpec>uge_bcen_RapidILL_BOOK</setSpec><setSpec>uge_aaca_RapidILL_BOOK</setSpec><setSpec>uge_abels_RapidILL_BOOK</setSpec><setSpec>uge_dbu_RapidILL_BOOK</setSpec><setSpec>uge_cmu_RapidILL_BOOK</setSpec><setSpec>uge_mail_RapidILL_BOOK</setSpec><setSpec>uge_abbat_RapidILL_BOOK</setSpec><setSpec>UNIGE_ALL</setSpec><setSpec>uge_aobs_RapidILL_BOOK</setSpec><setSpec>uge_acar_RapidILL_BOOK</setSpec></header><metadata>
<record xmlns="http://www.loc.gov/MARC21/slim" xmlns:xsi="http://www.w3.org/2001/XMLSchema-instance" xsi:schemaLocation="http://www.loc.gov/MARC21/slim http://www.loc.gov/standards/marcxml/schema/MARC21slim.xsd"><leader>01878nam a2200433uc 4500</leader><controlfield tag="001">991000013299705502</controlfield><controlfield tag="005">20230409183003.0</controlfield><controlfield tag="008">201011s1976    fr     |      00| ||fre|d</controlfield><datafield ind1=" " ind2=" " tag="020"><subfield code="a">9264215743</subfield></datafield><datafield ind1="7" ind2=" " tag="024"><subfield code="a">http://catalogue.bnf.fr/ark:/12148/cb35309678b</subfield><subfield code="2">uri</subfield></datafield><datafield ind1=" " ind2=" " tag="035"><subfield code="a">(swissbib)212047019-41slsp_network</subfield></datafield><datafield ind1=" " ind2=" " tag="035"><subfield code="a">212047019</subfield><subfield code="9">ExL</subfield></datafield><datafield ind1=" " ind2=" " tag="035"><subfield code="a">(NEBIS)000137835EBI01</subfield></datafield><datafield ind1=" " ind2=" " tag="035"><subfield code="a">(RERO)0126564-41slsp</subfield></datafield><datafield ind1=" " ind2=" " tag="035"><subfield code="a">(IDSBB)000630040DSV01</subfield></datafield><datafield ind1=" " ind2=" " tag="035"><subfield code="a">(EXLNZ-41SLSP_NETWORK)991087588469705501</subfield></datafield><datafield ind1=" " ind2=" " tag="040"><subfield code="a">ETH-BIB</subfield><subfield code="b">ger</subfield><subfield code="e">ETHICS-ISBD</subfield><subfield code="d">CH-ZuSLS</subfield></datafield><datafield ind1=" " ind2="7" tag="072"><subfield code="a">se</subfield><subfield code="2">rero</subfield></datafield><datafield ind1=" " ind2="7" tag="072"><subfield code="a">wi</subfield><subfield code="2">SzZuIDS BS/BE</subfield></datafield><datafield ind1="1" ind2="4" tag="082"><subfield code="a">330</subfield><subfield code="2">15</subfield></datafield><datafield ind1=" " ind2=" " tag="084"><subfield code="a">A 45.2 h</subfield><subfield code="2">cjurrom</subfield></datafield><datafield ind1="0" ind2="0" tag="245"><subfield code="a">&lt;&lt;Les&gt;&gt; Systèmes de financement des crédits à l'exportation dans les pays membres de l'OCDE</subfield><subfield code="b">= The Export credit financing systems in OECD member countries</subfield><subfield code="c">éd.: Organisation de coopération et de développement économiques</subfield></datafield><datafield ind1="1" ind2=" " tag="246"><subfield code="a">EXPORT CREDIT FINANCING SYSTEMS in OECD MEMBER COUNTRIES</subfield></datafield><datafield ind1="1" ind2="1" tag="246"><subfield code="a">The Export credit financing systems in OECD member countries</subfield></datafield><datafield ind1=" " ind2="1" tag="264"><subfield code="a">Paris</subfield><subfield code="b">OECD</subfield><subfield code="c">1976</subfield></datafield><datafield ind1=" " ind2=" " tag="300"><subfield code="a">157 p.</subfield><subfield code="c">24 cm</subfield><subfield code="b">fig.</subfield></datafield><datafield ind1=" " ind2=" " tag="336"><subfield code="b">txt</subfield><subfield code="2">rdacontent</subfield></datafield><datafield ind1=" " ind2=" " tag="337"><subfield code="b">n</subfield><subfield code="2">rdamedia</subfield></datafield><datafield ind1=" " ind2=" " tag="338"><subfield code="b">nc</subfield><subfield code="2">rdacarrier</subfield></datafield><datafield ind1=" " ind2="7" tag="650"><subfield code="a">KREDIT (FINANZEN)</subfield><subfield code="9">ger</subfield><subfield code="0">(ETHUDK)000010698</subfield><subfield code="2">ethudk</subfield></datafield><datafield ind1=" " ind2="7" tag="650"><subfield code="a">OECD-MITGLIEDSLÄNDER (ORGANISATION FÜR WIRTSCHAFTLICHE ZUSAMMENARBEIT)</subfield><subfield code="9">ger</subfield><subfield code="0">(ETHUDK)000054921</subfield><subfield code="2">ethudk</subfield></datafield><datafield ind1=" " ind2="7" tag="650"><subfield code="a">WIRTSCHAFTLICHE ZUSAMMENSCHLÜSSE</subfield><subfield code="9">ger</subfield><subfield code="0">(ETHUDK)000010580</subfield><subfield code="2">ethudk</subfield></datafield><datafield ind1=" " ind2="7" tag="650"><subfield code="a">Crédit à l'exportation</subfield><subfield code="0">(IDREF)027466574</subfield><subfield code="2">idref</subfield></datafield><datafield ind1=" " ind2="7" tag="650"><subfield code="a">Finances</subfield><subfield code="0">(IDREF)027606511</subfield><subfield code="2">idref</subfield></datafield><datafield ind1=" " ind2="7" tag="650"><subfield code="a">Aussenhandel</subfield><subfield code="0">(DE-STW)10833-3</subfield><subfield code="2">stw</subfield></datafield><datafield ind1=" " ind2="7" tag="650"><subfield code="a">Handel</subfield><subfield code="0">(DE-STW)13210-3</subfield><subfield code="2">stw</subfield></datafield><datafield ind1=" " ind2="7" tag="650"><subfield code="a">Handelsgeschichte</subfield><subfield code="0">(DE-STW)13462-4</subfield><subfield code="2">stw</subfield></datafield><datafield ind1="2" ind2=" " tag="710"><subfield code="a">Organisation de coopération et de développement économiques</subfield><subfield code="0">(IDREF)026396963</subfield></datafield><datafield ind1="2" ind2=" " tag="710"><subfield code="a">OECD</subfield><subfield code="0">(DE-588)5157-3</subfield></datafield><datafield ind1=" " ind2=" " tag="900"><subfield code="a">REROnoselfmerge</subfield></datafield></record>
</metadata></record>