<record><header><identifier>oai:alma.41SLSP_UGE:991000012489705502</identifier><datestamp>2023-03-01T01:09:19Z</datestamp><setSpec>uge_bcen_RapidILL_BOOK</setSpec><setSpec>uge_aaca_RapidILL_BOOK</setSpec><setSpec>uge_abels_RapidILL_BOOK</setSpec><setSpec>uge_dbu_RapidILL_BOOK</setSpec><setSpec>uge_cmu_RapidILL_BOOK</setSpec><setSpec>uge_mail_RapidILL_BOOK</setSpec><setSpec>UNIGE_ALL</setSpec><setSpec>uge_abbat_RapidILL_BOOK</setSpec><setSpec>uge_aobs_RapidILL_BOOK</setSpec><setSpec>uge_acar_RapidILL_BOOK</setSpec></header><metadata>
<record xmlns="http://www.loc.gov/MARC21/slim" xmlns:xsi="http://www.w3.org/2001/XMLSchema-instance" xsi:schemaLocation="http://www.loc.gov/MARC21/slim http://www.loc.gov/standards/marcxml/schema/MARC21slim.xsd"><leader>03118nam a2200661 c 4500</leader><controlfield tag="001">991000012489705502</controlfield><controlfield tag="005">20230116191818.0</controlfield><controlfield tag="008">201011s1979    gw ||||| |||| 10| ||eng d</controlfield><datafield ind1=" " ind2=" " tag="020"><subfield code="a">3527120165</subfield></datafield><datafield ind1=" " ind2=" " tag="020"><subfield code="a">0895730960</subfield></datafield><datafield ind1=" " ind2=" " tag="035"><subfield code="a">(swissbib)228196426-41slsp_network</subfield></datafield><datafield ind1=" " ind2=" " tag="035"><subfield code="a">228196426</subfield><subfield code="9">ExL</subfield></datafield><datafield ind1=" " ind2=" " tag="035"><subfield code="a">(RERO)R242961860-41slsp</subfield></datafield><datafield ind1=" " ind2=" " tag="035"><subfield code="a">(NEBIS)000183475EBI01</subfield></datafield><datafield ind1=" " ind2=" " tag="035"><subfield code="a">(EXLNZ-41SLSP_NETWORK)991137487879705501</subfield></datafield><datafield ind1=" " ind2=" " tag="040"><subfield code="a">RERO labdfm</subfield><subfield code="d">CH-ZuSLS</subfield></datafield><datafield ind1=" " ind2="7" tag="072"><subfield code="a">bi</subfield><subfield code="2">rero</subfield></datafield><datafield ind1="0" ind2="0" tag="082"><subfield code="a">574.87/6</subfield><subfield code="2">19</subfield></datafield><datafield ind1="1" ind2="4" tag="082"><subfield code="a">571.6</subfield><subfield code="2">22</subfield></datafield><datafield ind1="0" ind2="0" tag="245"><subfield code="a">&lt;&lt;The&gt;&gt; role of intercellular signals</subfield><subfield code="b">navigation, encounter, outcome : report of the Dahlem Workshop on The Role of Intercellular Signals: Navigation, Encounter, Outcome, Berlin 1979, March 12 to 16</subfield><subfield code="c">ed. John G. Nicholls</subfield></datafield><datafield ind1=" " ind2="1" tag="264"><subfield code="a">Weinheim</subfield><subfield code="b">Verlag Chemie</subfield><subfield code="c">[1979]</subfield></datafield><datafield ind1=" " ind2="4" tag="264"><subfield code="c">© 1979</subfield></datafield><datafield ind1=" " ind2=" " tag="300"><subfield code="a">307 p.</subfield><subfield code="b">ill.</subfield><subfield code="c">21 cm</subfield></datafield><datafield ind1=" " ind2=" " tag="336"><subfield code="b">txt</subfield><subfield code="2">rdacontent</subfield></datafield><datafield ind1=" " ind2=" " tag="337"><subfield code="b">n</subfield><subfield code="2">rdamedia</subfield></datafield><datafield ind1=" " ind2=" " tag="338"><subfield code="b">nc</subfield><subfield code="2">rdacarrier</subfield></datafield><datafield ind1="1" ind2=" " tag="490"><subfield code="a">Dahlem Workshop reports</subfield></datafield><datafield ind1="1" ind2=" " tag="490"><subfield code="a">Life sciences research report</subfield><subfield code="v">14</subfield></datafield><datafield ind1="0" ind2=" " tag="490"><subfield code="a">Dahlem Konferenzen</subfield></datafield><datafield ind1=" " ind2="2" tag="650"><subfield code="a">Cell Communication</subfield></datafield><datafield ind1=" " ind2="2" tag="650"><subfield code="a">Cell Movement</subfield></datafield><datafield ind1=" " ind2="2" tag="650"><subfield code="a">Intercellular Junctions</subfield></datafield><datafield ind1=" " ind2="7" tag="650"><subfield code="a">communication cellulaire (biologie)</subfield><subfield code="0">(RERO)A009977592</subfield><subfield code="2">rerovoc</subfield></datafield><datafield ind1=" " ind2="0" tag="650"><subfield code="a">Cell interaction</subfield><subfield code="v">Congresses</subfield></datafield><datafield ind1=" " ind2="0" tag="650"><subfield code="a">Cell interaction</subfield><subfield code="x">Congresses</subfield></datafield><datafield ind1=" " ind2="7" tag="650"><subfield code="a">INTERZELLULÄRE BIOKOMMUNIKATION</subfield><subfield code="9">ger</subfield><subfield code="0">(ETHUDK)000057566</subfield><subfield code="2">ethudk</subfield></datafield><datafield ind1=" " ind2="7" tag="650"><subfield code="a">IONENKANÄLE (SIGNALTRANSDUKTION, BIOLOGIE)</subfield><subfield code="9">ger</subfield><subfield code="0">(ETHUDK)000055628</subfield><subfield code="2">ethudk</subfield></datafield><datafield ind1=" " ind2="7" tag="650"><subfield code="a">MOLEKULARE IMMUNOLOGIE + IMMUNOLOGISCHE CHEMIE</subfield><subfield code="9">ger</subfield><subfield code="0">(ETHUDK)000022886</subfield><subfield code="2">ethudk</subfield></datafield><datafield ind1=" " ind2="7" tag="650"><subfield code="a">SIGNALTRANSDUKTION (NEUROLOGIE)</subfield><subfield code="9">ger</subfield><subfield code="0">(ETHUDK)000043907</subfield><subfield code="2">ethudk</subfield></datafield><datafield ind1=" " ind2="7" tag="650"><subfield code="a">ZELLBEWEGUNG (CYTOLOGIE)</subfield><subfield code="9">ger</subfield><subfield code="0">(ETHUDK)000021648</subfield><subfield code="2">ethudk</subfield></datafield><datafield ind1=" " ind2="7" tag="650"><subfield code="a">ZELLDIFFERENZIERUNG + ZELLREIFUNG (CYTOLOGIE)</subfield><subfield code="9">ger</subfield><subfield code="0">(ETHUDK)000021680</subfield><subfield code="2">ethudk</subfield></datafield><datafield ind1=" " ind2="7" tag="650"><subfield code="a">ZELLMEMBRAN (CYTOLOGIE)</subfield><subfield code="9">ger</subfield><subfield code="0">(ETHUDK)000021612</subfield><subfield code="2">ethudk</subfield></datafield><datafield ind1=" " ind2="7" tag="650"><subfield code="a">ZELLOBERFLÄCHENINTERAKTIONEN (CYTOLOGIE)</subfield><subfield code="9">ger</subfield><subfield code="0">(ETHUDK)000021702</subfield><subfield code="2">ethudk</subfield></datafield><datafield ind1=" " ind2="7" tag="650"><subfield code="a">ZELLWECHSELWIRKUNGEN (CYTOLOGIE)</subfield><subfield code="9">ger</subfield><subfield code="0">(ETHUDK)000048723</subfield><subfield code="2">ethudk</subfield></datafield><datafield ind1=" " ind2="2" tag="655"><subfield code="a">Congress</subfield></datafield><datafield ind1=" " ind2="7" tag="655"><subfield code="a">Actes de congrès</subfield><subfield code="0">(IDREF)02886431X</subfield><subfield code="2">idref</subfield></datafield><datafield ind1=" " ind2="7" tag="655"><subfield code="a">Konferenzschrift</subfield><subfield code="z">Berlin (West)</subfield><subfield code="y">1979</subfield><subfield code="2">gnd-content</subfield></datafield><datafield ind1=" " ind2=" " tag="690"><subfield code="a">Information / Verhältnis zu einzelnen Faktoren / 1975- ersch.</subfield><subfield code="2">uzb-Z9</subfield></datafield><datafield ind1=" " ind2=" " tag="690"><subfield code="a">Zellbiologie / Kongresse, Konferenzen, Symposien</subfield><subfield code="2">uzb-Z9</subfield></datafield><datafield ind1=" " ind2=" " tag="690"><subfield code="a">Zellkinetik / Kongresse, Konferenzen, Symposien</subfield><subfield code="2">uzb-Z9</subfield></datafield><datafield ind1=" " ind2=" " tag="690"><subfield code="a">Zellphysiologie / Kongresse, Konferenzen, Symposien</subfield><subfield code="2">uzb-Z9</subfield></datafield><datafield ind1="1" ind2=" " tag="700"><subfield code="a">Nicholls, John Graham</subfield></datafield><datafield ind1="1" ind2=" " tag="700"><subfield code="a">Nicholls, John G</subfield><subfield code="0">(RERO)A003638895</subfield></datafield><datafield ind1="2" ind2=" " tag="711"><subfield code="a">Dahlem Workshop on the Role of Intercellular Signals</subfield><subfield code="d">1979</subfield><subfield code="c">Berlin, West</subfield><subfield code="0">(DE-588)1091124396</subfield></datafield><datafield ind1="2" ind2=" " tag="711"><subfield code="a">Dahlem Workshop on the Role of Intercellular Signals: Navigation, Encounter, Outcome</subfield><subfield code="d">1979</subfield><subfield code="c">Berlin</subfield><subfield code="0">(RERO)A012422900</subfield></datafield><datafield ind1=" " ind2="0" tag="830"><subfield code="a">Dahlem workshop reports</subfield><subfield code="w">(RERO)0605029-41slsp</subfield></datafield><datafield ind1=" " ind2="0" tag="830"><subfield code="a">Life Sciences Research Report</subfield><subfield code="v">14</subfield><subfield code="w">(RERO)0439192-41slsp</subfield></datafield><datafield ind1=" " ind2="0" tag="830"><subfield code="a">Life sciences research report</subfield><subfield code="v">14</subfield><subfield code="w">(NEBIS)000532032EBI01</subfield></datafield><datafield ind1=" " ind2=" " tag="900"><subfield code="a">REROnoselfmerge</subfield></datafield></record>
</metadata></record>