<record><header><identifier>oai:alma.41SLSP_UGE:991000013109705502</identifier><datestamp>2024-06-20T00:07:53Z</datestamp><setSpec>uge_bcen_RapidILL_BOOK</setSpec><setSpec>uge_aaca_RapidILL_BOOK</setSpec><setSpec>uge_abels_RapidILL_BOOK</setSpec><setSpec>uge_dbu_RapidILL_BOOK</setSpec><setSpec>uge_cmu_RapidILL_BOOK</setSpec><setSpec>uge_mail_RapidILL_BOOK</setSpec><setSpec>uge_abbat_RapidILL_BOOK</setSpec><setSpec>UNIGE_ALL</setSpec><setSpec>uge_acar_RapidILL_BOOK</setSpec><setSpec>uge_aobs_RapidILL_BOOK</setSpec></header><metadata>
<record xmlns="http://www.loc.gov/MARC21/slim" xmlns:xsi="http://www.w3.org/2001/XMLSchema-instance" xsi:schemaLocation="http://www.loc.gov/MARC21/slim http://www.loc.gov/standards/marcxml/schema/MARC21slim.xsd"><leader>04058nam a2200697 c 4500</leader><controlfield tag="001">991000013109705502</controlfield><controlfield tag="005">20230213201312.0</controlfield><controlfield tag="008">201012s2019    gw ||||| |||| 00| ||fre d</controlfield><datafield ind1=" " ind2=" " tag="015"><subfield code="a">19,N30</subfield><subfield code="2">dnb</subfield></datafield><datafield ind1="7" ind2=" " tag="016"><subfield code="a">1190834928</subfield><subfield code="2">DE-101</subfield></datafield><datafield ind1=" " ind2=" " tag="020"><subfield code="a">9783631796245</subfield><subfield code="c">EUR 49.95 (DE), EUR 51.40 (AT), CHF 58.00 (freier Preis)</subfield></datafield><datafield ind1=" " ind2=" " tag="035"><subfield code="a">(swissbib)233259384-41slsp_network</subfield></datafield><datafield ind1=" " ind2=" " tag="035"><subfield code="a">233259384</subfield><subfield code="9">ExL</subfield></datafield><datafield ind1=" " ind2=" " tag="035"><subfield code="a">(RERO)R008995257-41slsp</subfield></datafield><datafield ind1=" " ind2=" " tag="035"><subfield code="a">(IDSBB)007186055DSV01</subfield></datafield><datafield ind1=" " ind2=" " tag="035"><subfield code="a">(OCoLC)1110064802</subfield></datafield><datafield ind1=" " ind2=" " tag="035"><subfield code="a">(EXLNZ-41SLSP_NETWORK)991013159769705501</subfield></datafield><datafield ind1=" " ind2=" " tag="040"><subfield code="a">1145</subfield><subfield code="b">ger</subfield><subfield code="d">CH-ZuSLS</subfield><subfield code="e">rda</subfield></datafield><datafield ind1=" " ind2=" " tag="044"><subfield code="c">XA-DE-BE</subfield></datafield><datafield ind1=" " ind2="7" tag="072"><subfield code="a">lg</subfield><subfield code="2">rero</subfield></datafield><datafield ind1="0" ind2="4" tag="082"><subfield code="a">440.71</subfield><subfield code="2">23/ger</subfield></datafield><datafield ind1="1" ind2="4" tag="082"><subfield code="a">440</subfield><subfield code="2">15</subfield></datafield><datafield ind1=" " ind2=" " tag="084"><subfield code="a">ID 1559</subfield><subfield code="2">rvk</subfield></datafield><datafield ind1=" " ind2=" " tag="084"><subfield code="a">440</subfield><subfield code="2">sdnb</subfield></datafield><datafield ind1=" " ind2=" " tag="084"><subfield code="a">ID 1542</subfield><subfield code="2">rvk</subfield></datafield><datafield ind1="0" ind2="0" tag="245"><subfield code="a">Variation, plurilinguisme et évaluation en français langue étrangère</subfield><subfield code="c">Laurent Gajo, Jean-Marc Luscher, Isabelle Racine, Françoise Zay (éds) ; [Jean-François de Pietro ... et al.]</subfield></datafield><datafield ind1=" " ind2="1" tag="264"><subfield code="a">Berlin</subfield><subfield code="b">Peter Lang GmbH, Internationaler Verlag der Wissenschaften</subfield><subfield code="c">[2019]</subfield></datafield><datafield ind1=" " ind2=" " tag="300"><subfield code="a">252 Seiten</subfield><subfield code="b">33 Illustrationen</subfield><subfield code="c">21 cm x 14.8 cm, 402 g</subfield></datafield><datafield ind1=" " ind2=" " tag="336"><subfield code="b">txt</subfield><subfield code="2">rdacontent</subfield></datafield><datafield ind1=" " ind2=" " tag="337"><subfield code="b">n</subfield><subfield code="2">rdamedia</subfield></datafield><datafield ind1=" " ind2=" " tag="338"><subfield code="b">nc</subfield><subfield code="2">rdacarrier</subfield></datafield><datafield ind1="1" ind2=" " tag="490"><subfield code="a">Langue, multilinguisme et changement social</subfield><subfield code="v">Volume 33</subfield></datafield><datafield ind1=" " ind2=" " tag="500"><subfield code="a">&quot;...issu d'un colloque organisé à l'Université de Genève en 2016&quot;</subfield></datafield><datafield ind1=" " ind2=" " tag="504"><subfield code="a">Includes bibliographical references</subfield></datafield><datafield ind1=" " ind2=" " tag="520"><subfield code="a">En articulant les questions de variation, de plurilinguisme, d'évaluation et d'authenticité, cet ouvrage nourrit des débats actuels en français langue étrangère (FLE) et en didactique des langues. Pour le FLE en particulier, l'enjeu consiste à envisager la langue en contexte et en contact, la francophonie se présentant comme un espace d'appropriation du français marqué par la variation et le plurilinguisme, qu'il s'agit de didactiser. Le processus de didactisation interpelle alors les modalités d'évaluation et, en amont, la constitution même du corpus à enseigner et son rapport avec une certaine authenticité. Cet ouvrage intéressera les linguistes, les didacticiens et les enseignants, qui y trouveront des éclairages théoriques originaux et des propositions innovantes pour le travail en classe -- Verlagstext</subfield></datafield><datafield ind1=" " ind2="0" tag="650"><subfield code="a">Multilingualism</subfield></datafield><datafield ind1=" " ind2="7" tag="650"><subfield code="a">Français (langue)</subfield><subfield code="0">(IDREF)027276635</subfield><subfield code="2">idref</subfield></datafield><datafield ind1=" " ind2="7" tag="650"><subfield code="a">Étude et enseignement</subfield><subfield code="x">Allophones</subfield><subfield code="0">(IDREF)029429609</subfield><subfield code="2">idref</subfield></datafield><datafield ind1=" " ind2="7" tag="650"><subfield code="a">Variation linguistique</subfield><subfield code="0">(IDREF)027440672</subfield><subfield code="2">idref</subfield></datafield><datafield ind1=" " ind2="7" tag="650"><subfield code="a">Französischunterricht</subfield><subfield code="0">(DE-588)4018198-4</subfield><subfield code="2">gnd</subfield></datafield><datafield ind1=" " ind2="7" tag="650"><subfield code="a">Mehrsprachigkeit</subfield><subfield code="0">(DE-588)4038403-2</subfield><subfield code="2">gnd</subfield></datafield><datafield ind1=" " ind2="7" tag="650"><subfield code="a">Sprachtest</subfield><subfield code="0">(DE-588)4077737-6</subfield><subfield code="2">gnd</subfield></datafield><datafield ind1=" " ind2="7" tag="650"><subfield code="a">Sprachvariante</subfield><subfield code="0">(DE-588)4077741-8</subfield><subfield code="2">gnd</subfield></datafield><datafield ind1=" " ind2="7" tag="655"><subfield code="a">Actes de congrès</subfield><subfield code="0">(IDREF)02886431X</subfield><subfield code="2">idref</subfield></datafield><datafield ind1=" " ind2="7" tag="655"><subfield code="a">Konferenzschrift</subfield><subfield code="z">Genf</subfield><subfield code="y">2016</subfield><subfield code="2">gnd-content</subfield></datafield><datafield ind1="1" ind2=" " tag="700"><subfield code="a">Zay, Françoise</subfield><subfield code="d">1964-....</subfield><subfield code="e">Herausgeber</subfield><subfield code="4">edt</subfield></datafield><datafield ind1="1" ind2=" " tag="700"><subfield code="a">Zay, Françoise</subfield><subfield code="d">1964-....</subfield><subfield code="0">(IDREF)249389207</subfield><subfield code="4">edt</subfield></datafield><datafield ind1="1" ind2=" " tag="700"><subfield code="a">Pietro, Jean-François de</subfield><subfield code="d">1956-....</subfield><subfield code="0">(IDREF)092136818</subfield><subfield code="4">ctb</subfield></datafield><datafield ind1="1" ind2=" " tag="700"><subfield code="6">880-04</subfield><subfield code="a">Gajo, Laurent</subfield><subfield code="d">1967-</subfield><subfield code="0">(DE-588)1089829876</subfield><subfield code="e">Herausgeber</subfield><subfield code="4">edt</subfield></datafield><datafield ind1="1" ind2=" " tag="880"><subfield code="6">700-04</subfield><subfield code="a">Gajo, Laurent</subfield><subfield code="d">1967-....</subfield><subfield code="0">(IDREF)05505983X</subfield><subfield code="4">edt</subfield></datafield><datafield ind1="1" ind2=" " tag="700"><subfield code="a">Luscher, Jean-Marc</subfield><subfield code="0">(IDREF)069938490</subfield><subfield code="4">edt</subfield></datafield><datafield ind1="1" ind2=" " tag="700"><subfield code="6">880-06</subfield><subfield code="a">Racine, Isabelle</subfield><subfield code="0">(DE-588)1083805053</subfield><subfield code="e">Herausgeber</subfield><subfield code="4">edt</subfield></datafield><datafield ind1="1" ind2=" " tag="880"><subfield code="6">700-06</subfield><subfield code="a">Racine, Isabelle</subfield><subfield code="d">19..-....</subfield><subfield code="0">(IDREF)197736114</subfield><subfield code="4">edt</subfield></datafield><datafield ind1="4" ind2="2" tag="856"><subfield code="3">Hinweis des Verlags</subfield><subfield code="u">https://www.peterlang.com/view/product/81961?format=HC</subfield></datafield><datafield ind1="4" ind2=" " tag="856"><subfield code="3">Inhaltsverzeichnis</subfield><subfield code="u">http://www.ub.unibas.ch/tox/IDSBB/007186055/PDF</subfield><subfield code="q">pdf</subfield></datafield><datafield ind1="4" ind2="2" tag="856"><subfield code="3">Inhaltstext</subfield><subfield code="u">http://deposit.dnb.de/cgi-bin/dokserv?id=cfc38e4316034cce9ff3ec69782bb082&amp;prov=M&amp;dok_var=1&amp;dok_ext=htm</subfield><subfield code="q">text/html</subfield></datafield><datafield ind1=" " ind2="0" tag="830"><subfield code="a">Sprache, Mehrsprachigkeit und sozialer Wandel</subfield><subfield code="v">33</subfield><subfield code="w">(RERO)R003398277-41slsp</subfield></datafield><datafield ind1=" " ind2=" " tag="900"><subfield code="a">REROnoselfmerge</subfield></datafield><datafield ind1=" " ind2=" " tag="900"><subfield code="a">IDSDSStoppsignal FRED</subfield></datafield><datafield ind1=" " ind2=" " tag="910"><subfield code="a">DNB</subfield><subfield code="b">20191210</subfield></datafield><datafield ind1=" " ind2=" " tag="949"><subfield code="a">http://www.ub.unibas.ch/tox/IDSBB/007186055/PDF</subfield></datafield><datafield ind1=" " ind2=" " tag="949"><subfield code="a">http://deposit.dnb.de/cgi-bin/dokserv?id=cfc38e4316034cce9ff3ec69782bb082&amp;prov=M&amp;dok_var=1&amp;dok_ext=htm</subfield></datafield></record>
</metadata></record>