<record><header><identifier>oai:alma.41SLSP_UGE:991000012899705502</identifier><datestamp>2023-06-07T00:11:07Z</datestamp><setSpec>UNIGE_ALL</setSpec></header><metadata>
<record xmlns="http://www.loc.gov/MARC21/slim" xmlns:xsi="http://www.w3.org/2001/XMLSchema-instance" xsi:schemaLocation="http://www.loc.gov/MARC21/slim http://www.loc.gov/standards/marcxml/schema/MARC21slim.xsd"><leader>01695ngm a2200385 c 4500</leader><controlfield tag="001">991000012899705502</controlfield><controlfield tag="005">20230606172453.0</controlfield><controlfield tag="007">vf ||||||</controlfield><controlfield tag="008">020404s2001    gw ||| |          v|fre d</controlfield><datafield ind1=" " ind2=" " tag="035"><subfield code="a">(swissbib)097691747-41slsp_network</subfield></datafield><datafield ind1=" " ind2=" " tag="035"><subfield code="a">097691747</subfield><subfield code="9">ExL</subfield></datafield><datafield ind1=" " ind2=" " tag="035"><subfield code="a">(RERO)R003172671-41slsp</subfield></datafield><datafield ind1=" " ind2=" " tag="035"><subfield code="a">(EXLNZ-41SLSP_NETWORK)991018937739705501</subfield></datafield><datafield ind1=" " ind2=" " tag="040"><subfield code="a">RERO geumem</subfield><subfield code="d">CH-ZuSLS</subfield></datafield><datafield ind1=" " ind2="7" tag="072"><subfield code="a">sp</subfield><subfield code="2">rero</subfield></datafield><datafield ind1=" " ind2="7" tag="072"><subfield code="a">go</subfield><subfield code="2">rero</subfield></datafield><datafield ind1="0" ind2="0" tag="245"><subfield code="a">Au bord du gouffre ?</subfield><subfield code="b">l'Afghanistan et ses voisins</subfield><subfield code="c">un film de Christian Schulz... [et al.] , rédaction Ulrich Brochhagen, Anke Leuschke</subfield></datafield><datafield ind1=" " ind2="1" tag="264"><subfield code="a">[Lieu de publication non identifié]</subfield><subfield code="b">MDR [prod.]</subfield><subfield code="c">[2001]</subfield></datafield><datafield ind1=" " ind2="3" tag="264"><subfield code="a">Strasbourg</subfield><subfield code="b">Arte [diffuseur]</subfield><subfield code="c">2001</subfield></datafield><datafield ind1=" " ind2="4" tag="264"><subfield code="c">© 2001</subfield></datafield><datafield ind1=" " ind2=" " tag="300"><subfield code="a">1 vidéocassette [VHS] (45 min.)</subfield><subfield code="b">couleur PAL</subfield></datafield><datafield ind1=" " ind2=" " tag="336"><subfield code="b">tdi</subfield><subfield code="2">rdacontent</subfield></datafield><datafield ind1=" " ind2=" " tag="337"><subfield code="b">v</subfield><subfield code="2">rdamedia</subfield></datafield><datafield ind1=" " ind2=" " tag="338"><subfield code="b">vf</subfield><subfield code="2">rdacarrier</subfield></datafield><datafield ind1="1" ind2=" " tag="490"><subfield code="a">Thema</subfield></datafield><datafield ind1="1" ind2=" " tag="490"><subfield code="a">La poudrière de l'Asie centrale</subfield></datafield><datafield ind1=" " ind2=" " tag="500"><subfield code="a">Diffusé le 23 octobre 2001</subfield></datafield><datafield ind1=" " ind2=" " tag="508"><subfield code="a">Images Eduard Gorborukov, Faramarz Ghazi ; montage Daniel Helgenberger</subfield></datafield><datafield ind1="8" ind2=" " tag="520"><subfield code="a">Un documentaire pour comprendre le positionnement des pays voisins de l'Afghanistan : le Pakistan, l'Iran, l' Ouzbekistan, le Turkmenistan sur l'échiquier de l'Asie centrale sur fond de guerre totale contre le terrorisme islamiste intégriste.</subfield><subfield code="5">RERO/geumem/04.2002</subfield></datafield><datafield ind1=" " ind2="7" tag="650"><subfield code="a">Géopolitique</subfield><subfield code="0">(IDREF)027732428</subfield><subfield code="2">idref</subfield></datafield><datafield ind1=" " ind2="7" tag="650"><subfield code="a">21e siècle (début)</subfield><subfield code="0">(RERO)A022437388</subfield><subfield code="2">rero</subfield></datafield><datafield ind1=" " ind2="7" tag="651"><subfield code="a">Asie centrale</subfield><subfield code="0">(IDREF)027283518</subfield><subfield code="2">idref</subfield></datafield><datafield ind1=" " ind2="7" tag="655"><subfield code="a">Vidéocassettes</subfield><subfield code="0">(IDREF)027394417</subfield><subfield code="2">idref</subfield></datafield><datafield ind1="1" ind2=" " tag="700"><subfield code="a">Schulz, Christian</subfield><subfield code="0">(RERO)A003809517</subfield></datafield><datafield ind1=" " ind2="0" tag="830"><subfield code="a">&lt;&lt;La&gt;&gt; poudrière de l'Asie centrale</subfield></datafield><datafield ind1=" " ind2="0" tag="830"><subfield code="a">Thema</subfield><subfield code="p">Arte</subfield><subfield code="w">(RERO)2144157-41slsp</subfield></datafield></record>
</metadata></record>