<record><header><identifier>oai:alma.41SLSP_UGE:991000013209705502</identifier><datestamp>2023-06-04T00:33:33Z</datestamp><setSpec>uge_bcen_RapidILL_BOOK</setSpec><setSpec>uge_aaca_RapidILL_BOOK</setSpec><setSpec>uge_abels_RapidILL_BOOK</setSpec><setSpec>uge_dbu_RapidILL_BOOK</setSpec><setSpec>uge_cmu_RapidILL_BOOK</setSpec><setSpec>uge_mail_RapidILL_BOOK</setSpec><setSpec>uge_abbat_RapidILL_BOOK</setSpec><setSpec>UNIGE_ALL</setSpec><setSpec>uge_aobs_RapidILL_BOOK</setSpec><setSpec>uge_acar_RapidILL_BOOK</setSpec></header><metadata>
<record xmlns="http://www.loc.gov/MARC21/slim" xmlns:xsi="http://www.w3.org/2001/XMLSchema-instance" xsi:schemaLocation="http://www.loc.gov/MARC21/slim http://www.loc.gov/standards/marcxml/schema/MARC21slim.xsd"><leader>01054nam a2200313 c 4500</leader><controlfield tag="001">991000013209705502</controlfield><controlfield tag="005">20230127200537.0</controlfield><controlfield tag="008">201012s1948    it ||||| |||| 00| ||ita d</controlfield><datafield ind1=" " ind2=" " tag="019"><subfield code="a">SPI Retro 2562</subfield></datafield><datafield ind1=" " ind2=" " tag="035"><subfield code="a">(swissbib)237194023-41slsp_network</subfield></datafield><datafield ind1=" " ind2=" " tag="035"><subfield code="a">237194023</subfield><subfield code="9">ExL</subfield></datafield><datafield ind1=" " ind2=" " tag="035"><subfield code="a">(RERO)0054241-41slsp</subfield></datafield><datafield ind1=" " ind2=" " tag="035"><subfield code="a">(NEBIS)000874827EBI01</subfield></datafield><datafield ind1=" " ind2=" " tag="035"><subfield code="a">(EXLNZ-41SLSP_NETWORK)991038647939705501</subfield></datafield><datafield ind1=" " ind2=" " tag="040"><subfield code="a">RERO</subfield><subfield code="d">CH-ZuSLS</subfield></datafield><datafield ind1=" " ind2="7" tag="072"><subfield code="a">ba</subfield><subfield code="2">rero</subfield></datafield><datafield ind1="0" ind2="0" tag="245"><subfield code="a">Abruzzo e Molise</subfield><subfield code="c">Touring Club Italiano</subfield></datafield><datafield ind1=" " ind2="1" tag="264"><subfield code="a">Milano</subfield><subfield code="b">Touring Club Italiano</subfield><subfield code="c">1948</subfield></datafield><datafield ind1=" " ind2="3" tag="264"><subfield code="a">Milano</subfield><subfield code="b">Bertieri</subfield></datafield><datafield ind1=" " ind2=" " tag="300"><subfield code="a">237 p., 1 carte</subfield><subfield code="b">ill en noir</subfield><subfield code="c">30 cm</subfield></datafield><datafield ind1="1" ind2=" " tag="490"><subfield code="a">Attraverso l'Italia</subfield><subfield code="v">14</subfield></datafield><datafield ind1=" " ind2="7" tag="651"><subfield code="a">Abruzzes (Italie)</subfield><subfield code="0">(IDREF)02750591X</subfield><subfield code="2">idref</subfield></datafield><datafield ind1=" " ind2="7" tag="655"><subfield code="a">Photographie</subfield><subfield code="0">(IDREF)028224248</subfield><subfield code="2">idref</subfield></datafield><datafield ind1="2" ind2=" " tag="710"><subfield code="a">Touring club italiano</subfield><subfield code="0">(DE-588)26674-7</subfield><subfield code="6">880-02</subfield></datafield><datafield ind1="2" ind2=" " tag="880"><subfield code="6">710-02</subfield><subfield code="a">Touring club italiano</subfield><subfield code="0">(IDREF)026583208</subfield></datafield><datafield ind1=" " ind2=" " tag="830"><subfield code="a">Attraverso l'Italia</subfield><subfield code="v">14</subfield><subfield code="w">(RERO)0054222-41slsp</subfield></datafield><datafield ind1=" " ind2=" " tag="900"><subfield code="a">REROnoselfmerge</subfield></datafield><datafield ind1=" " ind2=" " tag="900"><subfield code="a">IDSZ2zbzmon201508l</subfield><subfield code="c">IDSZ2ehrl</subfield></datafield><datafield ind1=" " ind2=" " tag="900"><subfield code="a">IDSERSPIdummy</subfield></datafield><datafield ind1=" " ind2=" " tag="900"><subfield code="a">IDSE1N25</subfield></datafield><datafield ind1=" " ind2=" " tag="993"><subfield code="a">BFLB 20555/14</subfield><subfield code="x">ge/ulha/d/01/1023</subfield><subfield code="9">LOCAL</subfield></datafield></record>
</metadata></record>