<record><header><identifier>oai:alma.41SLSP_UGE:991000012479705502</identifier><datestamp>2024-11-16T01:15:44Z</datestamp><setSpec>uge_bcen_RapidILL_BOOK</setSpec><setSpec>uge_aaca_RapidILL_BOOK</setSpec><setSpec>uge_abels_RapidILL_BOOK</setSpec><setSpec>uge_dbu_RapidILL_BOOK</setSpec><setSpec>uge_cmu_RapidILL_BOOK</setSpec><setSpec>uge_mail_RapidILL_BOOK</setSpec><setSpec>uge_abbat_RapidILL_BOOK</setSpec><setSpec>UNIGE_ALL</setSpec><setSpec>uge_aobs_RapidILL_BOOK</setSpec><setSpec>uge_acar_RapidILL_BOOK</setSpec></header><metadata>
<record xmlns="http://www.loc.gov/MARC21/slim" xmlns:xsi="http://www.w3.org/2001/XMLSchema-instance" xsi:schemaLocation="http://www.loc.gov/MARC21/slim http://www.loc.gov/standards/marcxml/schema/MARC21slim.xsd"><leader>05695nam a2201405 ca4500</leader><controlfield tag="001">991000012479705502</controlfield><controlfield tag="005">20241115085710.0</controlfield><controlfield tag="008">201012m20002005gw ||||| |||| 00| ||ger d</controlfield><datafield ind1=" " ind2=" " tag="020"><subfield code="a">9783476017444</subfield><subfield code="q">Band 7</subfield></datafield><datafield ind1=" " ind2=" " tag="020"><subfield code="a">9783476009135</subfield><subfield code="q">Gesamtwerk</subfield></datafield><datafield ind1=" " ind2=" " tag="020"><subfield code="a">3476009130</subfield><subfield code="q">Gesamtwerk</subfield></datafield><datafield ind1=" " ind2=" " tag="020"><subfield code="a">3476016552</subfield><subfield code="q">Band 1</subfield></datafield><datafield ind1=" " ind2=" " tag="020"><subfield code="a">3476016560</subfield><subfield code="q">Band 2</subfield></datafield><datafield ind1=" " ind2=" " tag="020"><subfield code="a">3476016579</subfield><subfield code="q">Band 3</subfield></datafield><datafield ind1=" " ind2=" " tag="020"><subfield code="a">3476016587</subfield><subfield code="q">Band 4</subfield></datafield><datafield ind1=" " ind2=" " tag="020"><subfield code="a">3476016595</subfield><subfield code="q">Band 5</subfield></datafield><datafield ind1=" " ind2=" " tag="020"><subfield code="a">3476016609</subfield><subfield code="q">Band 6</subfield></datafield><datafield ind1=" " ind2=" " tag="020"><subfield code="a">3476017443</subfield><subfield code="q">Band 7</subfield></datafield><datafield ind1=" " ind2=" " tag="035"><subfield code="a">(swissbib)240085981-41slsp_network</subfield></datafield><datafield ind1=" " ind2=" " tag="035"><subfield code="a">240085981</subfield><subfield code="9">ExL</subfield></datafield><datafield ind1=" " ind2=" " tag="035"><subfield code="a">(RERO)R278564860-41slsp</subfield></datafield><datafield ind1=" " ind2=" " tag="035"><subfield code="a">(IDSBB)002186749DSV01</subfield></datafield><datafield ind1=" " ind2=" " tag="035"><subfield code="a">(NEBIS)004024830EBI01</subfield></datafield><datafield ind1=" " ind2=" " tag="035"><subfield code="a">(IDSLU)000198061ILU01</subfield></datafield><datafield ind1=" " ind2=" " tag="035"><subfield code="a">(IDSSG)000222581HSB01</subfield></datafield><datafield ind1=" " ind2=" " tag="035"><subfield code="a">(SBT)000639501SBT01</subfield></datafield><datafield ind1=" " ind2=" " tag="035"><subfield code="a">(ABN)000107164ABN01</subfield></datafield><datafield ind1=" " ind2=" " tag="035"><subfield code="a">(CH-UniLiZuSLS)991034678389705501</subfield></datafield><datafield ind1=" " ind2=" " tag="035"><subfield code="a">(UNILI)000149591LLB01</subfield></datafield><datafield ind1=" " ind2=" " tag="035"><subfield code="a">(EXLNZ-41SLSP_NETWORK)991034678389705501</subfield></datafield><datafield ind1=" " ind2=" " tag="040"><subfield code="a">RERO neubfl</subfield><subfield code="d">CH-ZuSLS</subfield></datafield><datafield ind1=" " ind2="7" tag="072"><subfield code="a">lc</subfield><subfield code="2">rero</subfield></datafield><datafield ind1=" " ind2="7" tag="072"><subfield code="a">ph</subfield><subfield code="2">SzZuIDS BS/BE</subfield></datafield><datafield ind1=" " ind2="7" tag="072"><subfield code="a">mu</subfield><subfield code="2">SzZuIDS BS/BE</subfield></datafield><datafield ind1=" " ind2="7" tag="072"><subfield code="a">030</subfield><subfield code="2">IDS LU</subfield></datafield><datafield ind1=" " ind2="7" tag="072"><subfield code="a">100</subfield><subfield code="2">IDS LU</subfield></datafield><datafield ind1=" " ind2="7" tag="072"><subfield code="a">ph</subfield><subfield code="2">rero</subfield></datafield><datafield ind1="0" ind2="4" tag="082"><subfield code="a">111.8503</subfield><subfield code="2">22</subfield></datafield><datafield ind1="0" ind2="4" tag="082"><subfield code="a">111.85</subfield><subfield code="2">22</subfield></datafield><datafield ind1="0" ind2="4" tag="082"><subfield code="a">433.1</subfield><subfield code="2">22</subfield></datafield><datafield ind1="0" ind2="4" tag="082"><subfield code="a">111.850 3</subfield><subfield code="2">21</subfield></datafield><datafield ind1="0" ind2="4" tag="082"><subfield code="a">111.8</subfield></datafield><datafield ind1="1" ind2="4" tag="082"><subfield code="a">111.850 3</subfield><subfield code="2">22</subfield></datafield><datafield ind1="1" ind2="4" tag="082"><subfield code="a">111.8503</subfield><subfield code="2">22</subfield></datafield><datafield ind1="1" ind2="4" tag="082"><subfield code="a">433.1</subfield><subfield code="2">22</subfield></datafield><datafield ind1="1" ind2="4" tag="082"><subfield code="a">780</subfield><subfield code="2">15</subfield></datafield><datafield ind1=" " ind2=" " tag="084"><subfield code="a">9,10</subfield><subfield code="2">ssgn</subfield></datafield><datafield ind1=" " ind2=" " tag="084"><subfield code="a">AE 50000</subfield><subfield code="2">rvk</subfield></datafield><datafield ind1=" " ind2=" " tag="084"><subfield code="a">CB 3700</subfield><subfield code="2">rvk</subfield></datafield><datafield ind1=" " ind2=" " tag="084"><subfield code="a">EC 1880</subfield><subfield code="2">rvk</subfield></datafield><datafield ind1=" " ind2=" " tag="084"><subfield code="a">IB 1021</subfield><subfield code="2">rvk</subfield></datafield><datafield ind1=" " ind2=" " tag="084"><subfield code="a">LB 12000</subfield><subfield code="2">rvk</subfield></datafield><datafield ind1=" " ind2=" " tag="084"><subfield code="a">LH 12990</subfield><subfield code="2">rvk</subfield></datafield><datafield ind1=" " ind2=" " tag="084"><subfield code="a">LH 61040</subfield><subfield code="2">rvk</subfield></datafield><datafield ind1=" " ind2=" " tag="084"><subfield code="a">LP 12050</subfield><subfield code="2">rvk</subfield></datafield><datafield ind1=" " ind2=" " tag="084"><subfield code="a">LR 57730</subfield><subfield code="2">rvk</subfield></datafield><datafield ind1=" " ind2=" " tag="084"><subfield code="a">CC 6700</subfield><subfield code="2">rvk</subfield></datafield><datafield ind1=" " ind2=" " tag="084"><subfield code="a">CC 6800</subfield><subfield code="2">rvk</subfield></datafield><datafield ind1="0" ind2="0" tag="245"><subfield code="a">Ästhetische Grundbegriffe</subfield><subfield code="b">historisches Wörterbuch in sieben Bänden</subfield><subfield code="c">hrsg. von Karlheinz Barck ... [et al.]</subfield></datafield><datafield ind1="1" ind2="0" tag="246"><subfield code="a">ÄGB</subfield></datafield><datafield ind1=" " ind2="1" tag="264"><subfield code="a">Stuttgart [etc.]</subfield><subfield code="b">J.B. Metzler</subfield><subfield code="c">2000-2005</subfield></datafield><datafield ind1=" " ind2=" " tag="300"><subfield code="a">7 Bände</subfield></datafield><datafield ind1=" " ind2=" " tag="336"><subfield code="b">txt</subfield><subfield code="2">rdacontent</subfield></datafield><datafield ind1=" " ind2=" " tag="337"><subfield code="b">n</subfield><subfield code="2">rdamedia</subfield></datafield><datafield ind1=" " ind2=" " tag="338"><subfield code="b">nc</subfield><subfield code="2">rdacarrier</subfield></datafield><datafield ind1="0" ind2=" " tag="505"><subfield code="a">Vol. 1 : Absenz-Darstellung</subfield></datafield><datafield ind1="0" ind2=" " tag="505"><subfield code="a">Vol. 2: Dekadent-Grotesk</subfield></datafield><datafield ind1="0" ind2=" " tag="505"><subfield code="a">Vol. 3: Harmonie-Material</subfield></datafield><datafield ind1="0" ind2=" " tag="505"><subfield code="a">Vol. 4: Medien-Populär</subfield></datafield><datafield ind1="0" ind2=" " tag="505"><subfield code="a">Vol. 7: Supplemente ; Register</subfield></datafield><datafield ind1="0" ind2="0" tag="505"><subfield code="g">Band 5</subfield><subfield code="t">Postmoderne-Synästhesie</subfield></datafield><datafield ind1="0" ind2="0" tag="505"><subfield code="g">Band 6</subfield><subfield code="t">Tanz-Zeitalter/Epoche</subfield></datafield><datafield ind1="0" ind2="0" tag="505"><subfield code="g">Band 7</subfield><subfield code="t">Register und Supplemente</subfield></datafield><datafield ind1="0" ind2="0" tag="505"><subfield code="g">Band 4</subfield><subfield code="t">Medien-Populär</subfield></datafield><datafield ind1="0" ind2="0" tag="505"><subfield code="g">Band 1</subfield><subfield code="t">Absenz-Darstellung</subfield></datafield><datafield ind1="0" ind2="0" tag="505"><subfield code="g">Band 2</subfield><subfield code="t">Dekadent-Grotesk</subfield></datafield><datafield ind1="0" ind2="0" tag="505"><subfield code="g">Band 3</subfield><subfield code="t">Harmonie-Material</subfield></datafield><datafield ind1=" " ind2="7" tag="650"><subfield code="a">Esthétique</subfield><subfield code="0">(IDREF)027224503</subfield><subfield code="2">idref</subfield></datafield><datafield ind1=" " ind2="7" tag="650"><subfield code="a">Vocabulaire</subfield><subfield code="0">(IDREF)027255255</subfield><subfield code="2">idref</subfield></datafield><datafield ind1=" " ind2="7" tag="650"><subfield code="a">dictionnaire</subfield><subfield code="0">(RERO)A009950051</subfield><subfield code="2">rerovoc</subfield></datafield><datafield ind1=" " ind2="7" tag="650"><subfield code="a">Ästhetik</subfield><subfield code="v">Wörterbuch</subfield><subfield code="2">idsbb</subfield></datafield><datafield ind1=" " ind2="7" tag="650"><subfield code="a">Ästhetik</subfield><subfield code="2">idszbz</subfield></datafield><datafield ind1=" " ind2="7" tag="650"><subfield code="a">Philosophie</subfield><subfield code="0">(DE-588)4045791-6</subfield><subfield code="2">gnd</subfield></datafield><datafield ind1=" " ind2="7" tag="650"><subfield code="a">Wörterbuch</subfield><subfield code="0">(DE-588)4066724-8</subfield><subfield code="2">gnd</subfield></datafield><datafield ind1=" " ind2="0" tag="650"><subfield code="a">Aesthetics</subfield></datafield><datafield ind1=" " ind2="0" tag="650"><subfield code="a">Aesthetics, Modern</subfield></datafield><datafield ind1=" " ind2="0" tag="650"><subfield code="a">Aesthetics</subfield><subfield code="v">Dictionaries</subfield></datafield><datafield ind1=" " ind2="7" tag="650"><subfield code="a">FACHLICHE NACHSCHLAGEWERKE + FACHLEXIKA + HANDBÜCHER (DOKUMENTENTYP)</subfield><subfield code="9">ger</subfield><subfield code="0">(ETHUDK)000009236</subfield><subfield code="2">ethudk</subfield></datafield><datafield ind1=" " ind2="7" tag="650"><subfield code="a">KUNSTTHEORIE + KUNSTÄSTHETIK + KUNSTPHILOSOPHIE</subfield><subfield code="9">ger</subfield><subfield code="0">(ETHUDK)000035234</subfield><subfield code="2">ethudk</subfield></datafield><datafield ind1=" " ind2="7" tag="650"><subfield code="a">LITERATURTHEORIE + POETIK</subfield><subfield code="9">ger</subfield><subfield code="0">(ETHUDK)000041050</subfield><subfield code="2">ethudk</subfield></datafield><datafield ind1=" " ind2="7" tag="650"><subfield code="a">ÄSTHETIK (PHILOSOPHIE)</subfield><subfield code="9">ger</subfield><subfield code="0">(ETHUDK)000009390</subfield><subfield code="2">ethudk</subfield></datafield><datafield ind1=" " ind2="7" tag="650"><subfield code="a">Ästhetik</subfield><subfield code="0">(DE-588)4000626-8</subfield><subfield code="2">gnd</subfield></datafield><datafield ind1=" " ind2="7" tag="650"><subfield code="a">Estetica</subfield><subfield code="x">enciclopedie e dizionari</subfield><subfield code="2">sbt12</subfield></datafield><datafield ind1=" " ind2="7" tag="655"><subfield code="a">[Études diverses]</subfield><subfield code="0">(RERO)A022249905</subfield><subfield code="2">rero</subfield></datafield><datafield ind1=" " ind2="7" tag="655"><subfield code="a">Dictionnaires</subfield><subfield code="2">idref</subfield><subfield code="0">(IDREF)027232050</subfield></datafield><datafield ind1=" " ind2="7" tag="655"><subfield code="a">Wörterbuch</subfield><subfield code="2">idszbz</subfield></datafield><datafield ind1=" " ind2="7" tag="655"><subfield code="a">Wörterbuch</subfield><subfield code="2">gnd-content</subfield></datafield><datafield ind1=" " ind2=" " tag="690"><subfield code="a">Philosophie, Ästhetik</subfield><subfield code="2">ubs-A9</subfield></datafield><datafield ind1=" " ind2=" " tag="690"><subfield code="a">Nachschlagewerke, nicht musikalische</subfield><subfield code="2">ubs-A9</subfield></datafield><datafield ind1=" " ind2=" " tag="690"><subfield code="a">Wörterbuch: Aesthetik</subfield><subfield code="2">uzb-Z5</subfield></datafield><datafield ind1=" " ind2=" " tag="690"><subfield code="a">Ästhetik</subfield><subfield code="x">Wörterbuch</subfield><subfield code="2">nebis-E4</subfield></datafield><datafield ind1=" " ind2=" " tag="690"><subfield code="a">Philosophie</subfield><subfield code="x">Wörterbuch</subfield><subfield code="2">nebis-E4</subfield></datafield><datafield ind1=" " ind2=" " tag="690"><subfield code="a">Lexikon</subfield><subfield code="2">nebis-E4</subfield></datafield><datafield ind1=" " ind2=" " tag="690"><subfield code="a">Ästhetik. Lexikon</subfield><subfield code="2">uzb-US</subfield></datafield><datafield ind1=" " ind2=" " tag="690"><subfield code="a">Philosophie. Wörterbuch</subfield><subfield code="2">uzb-US</subfield></datafield><datafield ind1=" " ind2=" " tag="690"><subfield code="a">Ästhetik. Philosophie</subfield><subfield code="2">uzb-US</subfield></datafield><datafield ind1=" " ind2=" " tag="690"><subfield code="a">Ästhetik</subfield><subfield code="2">uzb-UV</subfield></datafield><datafield ind1=" " ind2=" " tag="690"><subfield code="a">Ästhetik</subfield><subfield code="2">uzb-VI</subfield></datafield><datafield ind1=" " ind2=" " tag="690"><subfield code="a">Philosophie</subfield><subfield code="2">uzb-UV</subfield></datafield><datafield ind1=" " ind2=" " tag="690"><subfield code="a">Berlin; Augsburg; Eichstätt; Essen; Jena; Kassel; Köln; Pisa; Sieg; Zeitalter</subfield><subfield code="2">idssg-J</subfield></datafield><datafield ind1=" " ind2=" " tag="690"><subfield code="a">Jan-Peter; Warenästhetik; Benutzungshinweis; Grundbegriff</subfield><subfield code="2">idssg-J</subfield></datafield><datafield ind1=" " ind2=" " tag="690"><subfield code="a">biblische Quelle; ästhetischer Grundbegriff</subfield><subfield code="2">idssg-J</subfield></datafield><datafield ind1=" " ind2=" " tag="690"><subfield code="a">Deutschland C4EUGE; Thüringen C4EUGE; Bayern C4EUGE; Italien C4EUIT; Saarland C4EUGE; Belgien C4EUBL; Schweiz C4EXSI</subfield><subfield code="2">idssg-J</subfield></datafield><datafield ind1=" " ind2=" " tag="690"><subfield code="a">Anneleen Masschelein; Burghard Damerau; Clemens Knobloch; Dorothea Dornhof; Friedrich Kittler; Hans Heinz Holz; Hans Ulrich Reck; Heinz Paetzold; Helmar Schramm; J. B. Metzler; Jakob Steinbrenner; Jan-Peter Pudelek; Josef Früchtl; Justus Fetscher; Karlheinz Barck; Mai Wegener; Mark Napierala; Markus Winkler; Martin Fontius; R. Kuhnle; Rainer Leschke; Remo Bodei; Roger W. Müller Farguell; Roland Galle; S. Abbondio; Thomas Metscher; Tilman Reitz; W. Müller Farguell; Widerspiegelung Spiegel Abbild; Zeitalter Epoche J. B. Metzler Stuttgart; ästhetisch Grundbegriffe Band</subfield><subfield code="2">idssg-J</subfield></datafield><datafield ind1=" " ind2=" " tag="691"><subfield code="e">111.852</subfield><subfield code="2">usi-TM</subfield></datafield><datafield ind1="1" ind2=" " tag="700"><subfield code="a">Barck, Karlheinz</subfield><subfield code="d">1934-2012</subfield><subfield code="0">(IDREF)028848772</subfield></datafield><datafield ind1="4" ind2=" " tag="856"><subfield code="u">https://tools.unisg.ch/url/hm00013052</subfield><subfield code="z">Inhaltsverzeichnis</subfield></datafield><datafield ind1=" " ind2=" " tag="900"><subfield code="d">IDSxxzbzswk200101b</subfield><subfield code="e">IDSxxgroc</subfield><subfield code="a">IDSxxzbzmon200101i</subfield><subfield code="c">IDSxxsidl</subfield></datafield><datafield ind1=" " ind2=" " tag="900"><subfield code="a">IDSZ2SLAmon200201l</subfield><subfield code="c">IDSZ2swyz 020107</subfield></datafield><datafield ind1=" " ind2=" " tag="900"><subfield code="a">IDSE5E87ANH-2005</subfield></datafield><datafield ind1=" " ind2=" " tag="949"><subfield code="a">https://tools.unisg.ch/url/hm00013052</subfield></datafield></record>
</metadata></record>