<record><header><identifier>oai:alma.41SLSP_UGE:991000012709705502</identifier><datestamp>2023-03-27T00:13:16Z</datestamp><setSpec>uge_bcen_RapidILL_BOOK</setSpec><setSpec>uge_aaca_RapidILL_BOOK</setSpec><setSpec>uge_abels_RapidILL_BOOK</setSpec><setSpec>uge_dbu_RapidILL_BOOK</setSpec><setSpec>uge_cmu_RapidILL_BOOK</setSpec><setSpec>uge_mail_RapidILL_BOOK</setSpec><setSpec>uge_abbat_RapidILL_BOOK</setSpec><setSpec>UNIGE_ALL</setSpec><setSpec>uge_acar_RapidILL_BOOK</setSpec><setSpec>uge_aobs_RapidILL_BOOK</setSpec></header><metadata>
<record xmlns="http://www.loc.gov/MARC21/slim" xmlns:xsi="http://www.w3.org/2001/XMLSchema-instance" xsi:schemaLocation="http://www.loc.gov/MARC21/slim http://www.loc.gov/standards/marcxml/schema/MARC21slim.xsd"><leader>01974nam a2200493 c 4500</leader><controlfield tag="001">991000012709705502</controlfield><controlfield tag="005">20230326202932.0</controlfield><controlfield tag="008">201012s2010    fr ||||| |||| 00| ||fre d</controlfield><datafield ind1=" " ind2=" " tag="020"><subfield code="a">9782204089036</subfield></datafield><datafield ind1=" " ind2=" " tag="020"><subfield code="a">2204089036</subfield></datafield><datafield ind1="7" ind2=" " tag="024"><subfield code="a">http://catalogue.bnf.fr/ark:/12148/cb421620010</subfield><subfield code="2">uri</subfield></datafield><datafield ind1=" " ind2=" " tag="035"><subfield code="a">(swissbib)241912695-41slsp_network</subfield></datafield><datafield ind1=" " ind2=" " tag="035"><subfield code="a">241912695</subfield><subfield code="9">ExL</subfield></datafield><datafield ind1=" " ind2=" " tag="035"><subfield code="a">(RERO)R005443548-41slsp</subfield></datafield><datafield ind1=" " ind2=" " tag="035"><subfield code="a">(NEBIS)006070874EBI01</subfield></datafield><datafield ind1=" " ind2=" " tag="035"><subfield code="a">(OCoLC)588453096</subfield></datafield><datafield ind1=" " ind2=" " tag="035"><subfield code="a">(EXLNZ-41SLSP_NETWORK)991045486549705501</subfield></datafield><datafield ind1=" " ind2=" " tag="040"><subfield code="a">RERO frbcuc</subfield><subfield code="d">CH-ZuSLS</subfield></datafield><datafield ind1=" " ind2=" " tag="050"><subfield code="a">BM545.D35</subfield><subfield code="b">R68 2010</subfield></datafield><datafield ind1=" " ind2="7" tag="072"><subfield code="a">ph</subfield><subfield code="2">rero</subfield></datafield><datafield ind1="0" ind2="4" tag="082"><subfield code="a">181.06</subfield><subfield code="2">22</subfield></datafield><datafield ind1="1" ind2="4" tag="082"><subfield code="a">180</subfield><subfield code="2">1</subfield></datafield><datafield ind1="1" ind2=" " tag="100"><subfield code="a">Roux, Géraldine</subfield><subfield code="d">1977-....</subfield><subfield code="0">(IDREF)128403802</subfield><subfield code="4">cre</subfield></datafield><datafield ind1="1" ind2="0" tag="245"><subfield code="a">Du prophète au savant</subfield><subfield code="b">l'horizon du savoir chez Maïmonide</subfield><subfield code="c">Géraldine Roux</subfield></datafield><datafield ind1=" " ind2="1" tag="264"><subfield code="a">Paris</subfield><subfield code="b">Les Ed. du Cerf</subfield><subfield code="c">2010</subfield></datafield><datafield ind1=" " ind2=" " tag="300"><subfield code="a">359 p.</subfield></datafield><datafield ind1=" " ind2=" " tag="336"><subfield code="b">txt</subfield><subfield code="2">rdacontent</subfield></datafield><datafield ind1=" " ind2=" " tag="337"><subfield code="b">n</subfield><subfield code="2">rdamedia</subfield></datafield><datafield ind1=" " ind2=" " tag="338"><subfield code="b">nc</subfield><subfield code="2">rdacarrier</subfield></datafield><datafield ind1="0" ind2=" " tag="490"><subfield code="a">Patrimoines. Judaïsme</subfield></datafield><datafield ind1="1" ind2="7" tag="600"><subfield code="a">Moïse Maïmonide</subfield><subfield code="d">1138-1204</subfield><subfield code="t">Dalālat͏̈ al-ḥāʾirīn</subfield><subfield code="0">(IDREF)02922182X</subfield><subfield code="2">idref</subfield></datafield><datafield ind1="1" ind2="7" tag="600"><subfield code="a">Maimonides, Moses; Führer der Unschlüssigen</subfield><subfield code="2">idszbz</subfield></datafield><datafield ind1="1" ind2="0" tag="600"><subfield code="a">Maimonides, Moses</subfield><subfield code="d">1135-1204</subfield><subfield code="t">Dalalat al-ha'irin</subfield></datafield><datafield ind1="1" ind2="7" tag="600"><subfield code="a">Maimonides, Moses</subfield><subfield code="d">1135-1204</subfield><subfield code="0">(DE-588)118576488</subfield><subfield code="2">gnd</subfield></datafield><datafield ind1="1" ind2="0" tag="600"><subfield code="a">Maimonides, Moses</subfield><subfield code="d">1135-1204</subfield><subfield code="t">Dalālat al-ḥāʼirīn</subfield></datafield><datafield ind1=" " ind2="7" tag="650"><subfield code="a">Savants</subfield><subfield code="0">(IDREF)027257096</subfield><subfield code="2">idref</subfield></datafield><datafield ind1=" " ind2="7" tag="650"><subfield code="a">Jüdische Philosophie</subfield><subfield code="2">idszbz</subfield></datafield><datafield ind1=" " ind2="0" tag="650"><subfield code="a">Judaism</subfield></datafield><datafield ind1=" " ind2="0" tag="650"><subfield code="a">Jewish philosophy</subfield></datafield><datafield ind1=" " ind2="0" tag="650"><subfield code="a">Philosophy, Medieval</subfield></datafield><datafield ind1=" " ind2="7" tag="650"><subfield code="a">Gelehrter</subfield><subfield code="0">(DE-588)4156443-1</subfield><subfield code="2">gnd</subfield></datafield><datafield ind1="4" ind2=" " tag="856"><subfield code="3">Titelblatt und Inhaltsverzeichnis</subfield><subfield code="u">https://toc.library.ethz.ch/objects/pdf/z01_978-2-204-08903-6_01.pdf</subfield><subfield code="q">pdf</subfield></datafield><datafield ind1=" " ind2=" " tag="900"><subfield code="a">REROnoselfmerge</subfield></datafield><datafield ind1=" " ind2=" " tag="900"><subfield code="a">IDSZ2zbzmon201008f</subfield><subfield code="c">IDSZ2cath</subfield><subfield code="d">IDSZ2zbzswk201009b</subfield><subfield code="e">IDSZ2somm</subfield></datafield><datafield ind1=" " ind2=" " tag="949"><subfield code="a">https://toc.library.ethz.ch/objects/pdf/z01_978-2-204-08903-6_01.pdf</subfield></datafield></record>
</metadata></record>