<record><header><identifier>oai:alma.41SLSP_UGE:991000013329705502</identifier><datestamp>2023-03-30T00:11:21Z</datestamp><setSpec>uge_bcen_RapidILL_BOOK</setSpec><setSpec>uge_aaca_RapidILL_BOOK</setSpec><setSpec>uge_abels_RapidILL_BOOK</setSpec><setSpec>uge_dbu_RapidILL_BOOK</setSpec><setSpec>uge_cmu_RapidILL_BOOK</setSpec><setSpec>uge_mail_RapidILL_BOOK</setSpec><setSpec>uge_abbat_RapidILL_BOOK</setSpec><setSpec>UNIGE_ALL</setSpec><setSpec>uge_acar_RapidILL_BOOK</setSpec><setSpec>uge_aobs_RapidILL_BOOK</setSpec></header><metadata>
<record xmlns="http://www.loc.gov/MARC21/slim" xmlns:xsi="http://www.w3.org/2001/XMLSchema-instance" xsi:schemaLocation="http://www.loc.gov/MARC21/slim http://www.loc.gov/standards/marcxml/schema/MARC21slim.xsd"><leader>02186nam a2200481 c 4500</leader><controlfield tag="001">991000013329705502</controlfield><controlfield tag="005">20230329201358.0</controlfield><controlfield tag="008">201012s2005    gw ||||| |||| 10| ||eng d</controlfield><datafield ind1=" " ind2=" " tag="020"><subfield code="a">3540292004</subfield></datafield><datafield ind1=" " ind2=" " tag="020"><subfield code="a">9783540292005</subfield></datafield><datafield ind1=" " ind2=" " tag="020"><subfield code="a">9783540320005</subfield><subfield code="q">eBook</subfield></datafield><datafield ind1=" " ind2=" " tag="035"><subfield code="a">(swissbib)239471105-41slsp_network</subfield></datafield><datafield ind1=" " ind2=" " tag="035"><subfield code="a">239471105</subfield><subfield code="9">ExL</subfield></datafield><datafield ind1=" " ind2=" " tag="035"><subfield code="a">(RERO)R008363751-41slsp</subfield></datafield><datafield ind1=" " ind2=" " tag="035"><subfield code="a">(NEBIS)005076690EBI01</subfield></datafield><datafield ind1=" " ind2=" " tag="035"><subfield code="a">(EXLNZ-41SLSP_NETWORK)991140489769705501</subfield></datafield><datafield ind1=" " ind2=" " tag="040"><subfield code="a">RERO geucui</subfield><subfield code="d">CH-ZuSLS</subfield></datafield><datafield ind1=" " ind2="7" tag="072"><subfield code="a">in</subfield><subfield code="2">rero</subfield></datafield><datafield ind1="0" ind2="0" tag="245"><subfield code="a">Computer safety, reliability and security</subfield><subfield code="b">24th international conference, SAFECOMP 2005, Fredrikstad, Norway, September 28-30, 2005 : proceedings</subfield><subfield code="c">Rune Winther .. [et al.] (eds.)</subfield></datafield><datafield ind1="1" ind2=" " tag="246"><subfield code="a">SAFECOMP 2005</subfield></datafield><datafield ind1=" " ind2="1" tag="264"><subfield code="a">Berlin</subfield><subfield code="b">Springer</subfield><subfield code="c">2005</subfield></datafield><datafield ind1=" " ind2=" " tag="300"><subfield code="a">404 p.</subfield><subfield code="b">ill.</subfield></datafield><datafield ind1=" " ind2=" " tag="336"><subfield code="b">txt</subfield><subfield code="2">rdacontent</subfield></datafield><datafield ind1=" " ind2=" " tag="337"><subfield code="b">n</subfield><subfield code="2">rdamedia</subfield></datafield><datafield ind1=" " ind2=" " tag="338"><subfield code="b">nc</subfield><subfield code="2">rdacarrier</subfield></datafield><datafield ind1="1" ind2=" " tag="490"><subfield code="a">Lecture notes in computer science</subfield><subfield code="v">3688</subfield></datafield><datafield ind1=" " ind2=" " tag="500"><subfield code="a">Variante du titre: SAFECOMP 2005</subfield></datafield><datafield ind1=" " ind2="7" tag="650"><subfield code="a">Mesures de sûreté</subfield><subfield code="0">(IDREF)027798119</subfield><subfield code="2">idref</subfield></datafield><datafield ind1=" " ind2="7" tag="650"><subfield code="a">Systèmes informatiques</subfield><subfield code="0">(IDREF)027249913</subfield><subfield code="2">idref</subfield></datafield><datafield ind1=" " ind2="7" tag="650"><subfield code="a">Fiabilité</subfield><subfield code="0">(IDREF)027330362</subfield><subfield code="2">idref</subfield></datafield><datafield ind1=" " ind2="7" tag="650"><subfield code="a">Sécurité des systèmes</subfield><subfield code="0">(IDREF)032657064</subfield><subfield code="2">idref</subfield></datafield><datafield ind1=" " ind2="0" tag="650"><subfield code="a">Software engineering</subfield></datafield><datafield ind1=" " ind2="4" tag="650"><subfield code="a">Software Engineering/Programming and Operating Systems</subfield></datafield><datafield ind1=" " ind2="7" tag="650"><subfield code="a">DATENSICHERHEIT + DATENSCHUTZ (BETRIEBSSYSTEME)</subfield><subfield code="9">ger</subfield><subfield code="0">(ETHUDK)000034698</subfield><subfield code="2">ethudk</subfield></datafield><datafield ind1=" " ind2="7" tag="650"><subfield code="a">ZUVERLÄSSIGKEIT + FEHLERTOLERANZ (SOFTWARE ENGINEERING)</subfield><subfield code="9">ger</subfield><subfield code="0">(ETHUDK)000013749</subfield><subfield code="2">ethudk</subfield></datafield><datafield ind1=" " ind2="7" tag="655"><subfield code="a">Actes de congrès</subfield><subfield code="0">(IDREF)02886431X</subfield><subfield code="2">idref</subfield></datafield><datafield ind1=" " ind2="7" tag="655"><subfield code="a">Konferenzschrift</subfield><subfield code="z">Fredrikstad</subfield><subfield code="y">2005</subfield><subfield code="2">gnd-content</subfield></datafield><datafield ind1="1" ind2=" " tag="700"><subfield code="a">Winther, Rune</subfield><subfield code="0">(RERO)A026009829</subfield></datafield><datafield ind1="2" ind2=" " tag="711"><subfield code="a">IFAC/IFIP Workshop on Safety of Computer Control Systems</subfield><subfield code="0">(DE-588)1091889791</subfield></datafield><datafield ind1="2" ind2=" " tag="711"><subfield code="a">SAFECOMP Conference</subfield><subfield code="n">24</subfield><subfield code="d">2005</subfield><subfield code="c">Fredrikstad</subfield><subfield code="0">(RERO)A025996813</subfield></datafield><datafield ind1="4" ind2=" " tag="856"><subfield code="3">Abstract / Autoreninformation</subfield><subfield code="u">https://toc.library.ethz.ch/objects/pdf/000152443_e01_3540292004_02.pdf</subfield><subfield code="q">pdf</subfield></datafield><datafield ind1=" " ind2=" " tag="830"><subfield code="a">Lecture notes in computer science</subfield><subfield code="n">3000 (2004) to 4999 (2008)</subfield><subfield code="v">3688</subfield><subfield code="w">(NEBIS)004701431EBI01</subfield></datafield><datafield ind1=" " ind2=" " tag="830"><subfield code="a">Lecture notes in computer science</subfield><subfield code="v">3688</subfield><subfield code="w">(RERO)0078255-41slsp</subfield></datafield><datafield ind1=" " ind2=" " tag="900"><subfield code="a">REROnoselfmerge</subfield></datafield></record>
</metadata></record>