<record><header><identifier>oai:alma.41SLSP_UGE:991000012809705502</identifier><datestamp>2024-02-14T01:16:18Z</datestamp><setSpec>uge_bcen_RapidILL_BOOK</setSpec><setSpec>uge_aaca_RapidILL_BOOK</setSpec><setSpec>uge_abels_RapidILL_BOOK</setSpec><setSpec>uge_dbu_RapidILL_BOOK</setSpec><setSpec>uge_cmu_RapidILL_BOOK</setSpec><setSpec>uge_mail_RapidILL_BOOK</setSpec><setSpec>uge_abbat_RapidILL_BOOK</setSpec><setSpec>UNIGE_ALL</setSpec><setSpec>uge_acar_RapidILL_BOOK</setSpec><setSpec>uge_aobs_RapidILL_BOOK</setSpec></header><metadata>
<record xmlns="http://www.loc.gov/MARC21/slim" xmlns:xsi="http://www.w3.org/2001/XMLSchema-instance" xsi:schemaLocation="http://www.loc.gov/MARC21/slim http://www.loc.gov/standards/marcxml/schema/MARC21slim.xsd"><leader>00952nam a2200265 c 4500</leader><controlfield tag="001">991000012809705502</controlfield><controlfield tag="005">20240213155241.0</controlfield><controlfield tag="008">171218s1911    gw ||||| |||| 00| ||grc d</controlfield><datafield ind1=" " ind2=" " tag="035"><subfield code="a">(swissbib)12443682X-41slsp_network</subfield></datafield><datafield ind1=" " ind2=" " tag="035"><subfield code="a">12443682X</subfield><subfield code="9">ExL</subfield></datafield><datafield ind1=" " ind2=" " tag="035"><subfield code="a">(RERO)R008745347-41slsp</subfield></datafield><datafield ind1=" " ind2=" " tag="035"><subfield code="a">(EXLNZ-41SLSP_NETWORK)991021996759705501</subfield></datafield><datafield ind1=" " ind2=" " tag="040"><subfield code="a">RERO geulsa</subfield><subfield code="d">CH-ZuSLS</subfield></datafield><datafield ind1=" " ind2="7" tag="072"><subfield code="a">gr</subfield><subfield code="2">rero</subfield></datafield><datafield ind1="0" ind2=" " tag="100"><subfield code="a">Sophocle</subfield><subfield code="d">0496?-0406 av. J.-C.</subfield><subfield code="0">(IDREF)027143619</subfield><subfield code="4">cre</subfield></datafield><datafield ind1="1" ind2="0" tag="245"><subfield code="a">Sophokles</subfield><subfield code="c">erklärt von F.W. Schneidewin.</subfield><subfield code="n">Bd. 7</subfield><subfield code="p">Philoktetes / besorgt von Ludwig Radermacher</subfield></datafield><datafield ind1=" " ind2=" " tag="250"><subfield code="a">11. Aufl.</subfield><subfield code="b">besorgt von August Nauck</subfield></datafield><datafield ind1=" " ind2="1" tag="264"><subfield code="a">Berlin</subfield><subfield code="b">Weidmannsche Buchhandlung</subfield><subfield code="c">1911</subfield></datafield><datafield ind1=" " ind2=" " tag="300"><subfield code="a">159 p.</subfield><subfield code="c">21 cm</subfield></datafield><datafield ind1=" " ind2=" " tag="336"><subfield code="b">txt</subfield><subfield code="2">rdacontent</subfield></datafield><datafield ind1=" " ind2=" " tag="337"><subfield code="b">n</subfield><subfield code="2">rdamedia</subfield></datafield><datafield ind1=" " ind2=" " tag="338"><subfield code="b">nc</subfield><subfield code="2">rdacarrier</subfield></datafield><datafield ind1="1" ind2=" " tag="700"><subfield code="a">Nauck, August</subfield><subfield code="d">1822-1892</subfield><subfield code="0">(IDREF)033304009</subfield></datafield><datafield ind1="1" ind2=" " tag="700"><subfield code="a">Radermacher, Ludwig</subfield><subfield code="d">1867-1952</subfield><subfield code="0">(IDREF)032376863</subfield></datafield><datafield ind1="0" ind2=" " tag="800"><subfield code="a">Sophocles</subfield><subfield code="t">Sophokles</subfield><subfield code="v">7</subfield><subfield code="w">(RERO)0250505-41slsp</subfield></datafield><datafield ind1=" " ind2=" " tag="900"><subfield code="a">REROnoselfmerge</subfield></datafield></record>
</metadata></record>