<record><header><identifier>oai:alma.41SLSP_UGE:991000013119705502</identifier><datestamp>2023-03-01T01:09:19Z</datestamp><setSpec>uge_bcen_RapidILL_BOOK</setSpec><setSpec>uge_aaca_RapidILL_BOOK</setSpec><setSpec>uge_abels_RapidILL_BOOK</setSpec><setSpec>uge_dbu_RapidILL_BOOK</setSpec><setSpec>uge_cmu_RapidILL_BOOK</setSpec><setSpec>uge_mail_RapidILL_BOOK</setSpec><setSpec>UNIGE_ALL</setSpec><setSpec>uge_abbat_RapidILL_BOOK</setSpec><setSpec>uge_aobs_RapidILL_BOOK</setSpec><setSpec>uge_acar_RapidILL_BOOK</setSpec></header><metadata>
<record xmlns="http://www.loc.gov/MARC21/slim" xmlns:xsi="http://www.w3.org/2001/XMLSchema-instance" xsi:schemaLocation="http://www.loc.gov/MARC21/slim http://www.loc.gov/standards/marcxml/schema/MARC21slim.xsd"><leader>01575nam a2200361 c 4500</leader><controlfield tag="001">991000013119705502</controlfield><controlfield tag="005">20201231105914.0</controlfield><controlfield tag="008">201012s1954    gw ||||| |||| 00| ||ger d</controlfield><datafield ind1=" " ind2=" " tag="019"><subfield code="a">SPI Retro 656030</subfield></datafield><datafield ind1=" " ind2=" " tag="035"><subfield code="a">(swissbib)234969288-41slsp_network</subfield></datafield><datafield ind1=" " ind2=" " tag="035"><subfield code="a">234969288</subfield><subfield code="9">ExL</subfield></datafield><datafield ind1=" " ind2=" " tag="035"><subfield code="a">(RERO)R004674788-41slsp</subfield></datafield><datafield ind1=" " ind2=" " tag="035"><subfield code="a">(NEBIS)004376763EBI01</subfield></datafield><datafield ind1=" " ind2=" " tag="035"><subfield code="a">(EXLNZ-41SLSP_NETWORK)991035896259705501</subfield></datafield><datafield ind1=" " ind2=" " tag="040"><subfield code="a">RERO geulsa</subfield><subfield code="d">CH-ZuSLS</subfield></datafield><datafield ind1=" " ind2="7" tag="072"><subfield code="a">ar</subfield><subfield code="2">rero</subfield></datafield><datafield ind1="1" ind2=" " tag="100"><subfield code="a">Preusser, Conrad</subfield><subfield code="0">(IDREF)076534995</subfield><subfield code="4">cre</subfield></datafield><datafield ind1="1" ind2="0" tag="245"><subfield code="a">&lt;&lt;Die&gt;&gt; Wohnhäuser in Assur</subfield><subfield code="c">von Conrad Preusser</subfield></datafield><datafield ind1=" " ind2="1" tag="264"><subfield code="a">Berlin</subfield><subfield code="b">Mann</subfield><subfield code="c">1954</subfield></datafield><datafield ind1=" " ind2=" " tag="300"><subfield code="a">66 p., 31 p. de pl.</subfield><subfield code="b">ill.</subfield><subfield code="c">36 cm</subfield></datafield><datafield ind1=" " ind2=" " tag="336"><subfield code="b">txt</subfield><subfield code="2">rdacontent</subfield></datafield><datafield ind1=" " ind2=" " tag="337"><subfield code="b">n</subfield><subfield code="2">rdamedia</subfield></datafield><datafield ind1=" " ind2=" " tag="338"><subfield code="b">nc</subfield><subfield code="2">rdacarrier</subfield></datafield><datafield ind1="1" ind2=" " tag="490"><subfield code="a">Ausgrabungen der Deutschen Orient-Gesellschaft in Assur. A, Baudenkmäler aus assyrischer Zeit</subfield><subfield code="v">6</subfield></datafield><datafield ind1="1" ind2=" " tag="490"><subfield code="a">Wissenschaftliche Veröffentlichung der Deutschen Orient-Gesellschaft</subfield><subfield code="v">64</subfield></datafield><datafield ind1=" " ind2=" " tag="690"><subfield code="a">Assur (Stadt)</subfield><subfield code="2">uzb-Z9</subfield></datafield><datafield ind1=" " ind2=" " tag="690"><subfield code="a">Haus / Einzelne Gebiete und Orte / Asien / Vorderasien</subfield><subfield code="2">uzb-Z9</subfield></datafield><datafield ind1="1" ind2=" " tag="700"><subfield code="a">Ricke, Herbert</subfield><subfield code="d">1901-1976</subfield><subfield code="0">(IDREF)070482276</subfield></datafield><datafield ind1=" " ind2=" " tag="830"><subfield code="a">Wissenschaftliche Veröffentlichungen der Deutschen Orient-Gesellschaft</subfield><subfield code="v">64</subfield><subfield code="w">(RERO)0021512-41slsp</subfield></datafield><datafield ind1=" " ind2=" " tag="830"><subfield code="a">Baudenkmäler aus assyrischer Zeit</subfield><subfield code="v">6</subfield><subfield code="w">(NEBIS)004688596EBI01</subfield></datafield><datafield ind1=" " ind2=" " tag="830"><subfield code="a">Ausgrabungen der Deutschen Orient-Gesellschaft in Assur</subfield><subfield code="p">A, Baudenkmäler aus assyrischer Zeit</subfield><subfield code="v">6</subfield><subfield code="w">(RERO)0581221-41slsp</subfield></datafield><datafield ind1=" " ind2=" " tag="830"><subfield code="a">Wissenschaftliche Veröffentlichungen der Deutschen Orient-Gesellschaft</subfield><subfield code="v">64</subfield><subfield code="w">(NEBIS)000987296EBI01</subfield></datafield><datafield ind1=" " ind2=" " tag="900"><subfield code="a">REROnoselfmerge</subfield></datafield><datafield ind1=" " ind2=" " tag="900"><subfield code="a">IDSERSPInew</subfield></datafield><datafield ind1=" " ind2=" " tag="990"><subfield code="a">fondsdunand</subfield><subfield code="9">LOCAL</subfield></datafield></record>
</metadata></record>