<record><header><identifier>oai:alma.41SLSP_UGE:991000012389705502</identifier><datestamp>2024-11-09T01:14:11Z</datestamp><setSpec>uge_bcen_RapidILL_BOOK</setSpec><setSpec>uge_aaca_RapidILL_BOOK</setSpec><setSpec>uge_abels_RapidILL_BOOK</setSpec><setSpec>uge_dbu_RapidILL_BOOK</setSpec><setSpec>uge_cmu_RapidILL_BOOK</setSpec><setSpec>uge_mail_RapidILL_BOOK</setSpec><setSpec>uge_abbat_RapidILL_BOOK</setSpec><setSpec>UNIGE_ALL</setSpec><setSpec>uge_acar_RapidILL_BOOK</setSpec><setSpec>uge_aobs_RapidILL_BOOK</setSpec></header><metadata>
<record xmlns="http://www.loc.gov/MARC21/slim" xmlns:xsi="http://www.w3.org/2001/XMLSchema-instance" xsi:schemaLocation="http://www.loc.gov/MARC21/slim http://www.loc.gov/standards/marcxml/schema/MARC21slim.xsd"><leader>01699nam a2200373 c 4500</leader><controlfield tag="001">991000012389705502</controlfield><controlfield tag="005">20240314213759.0</controlfield><controlfield tag="008">040420s1755    sz ||||| |||| 00| ||ger d</controlfield><datafield ind1=" " ind2=" " tag="035"><subfield code="a">(swissbib)100479774-41slsp_network</subfield></datafield><datafield ind1=" " ind2=" " tag="035"><subfield code="a">100479774</subfield><subfield code="9">ExL</subfield></datafield><datafield ind1=" " ind2=" " tag="035"><subfield code="a">(RERO)R003620593-41slsp</subfield></datafield><datafield ind1=" " ind2=" " tag="035"><subfield code="a">(EXLNZ-41SLSP_NETWORK)991125659509705501</subfield></datafield><datafield ind1=" " ind2=" " tag="040"><subfield code="a">RERO geulsh</subfield><subfield code="d">CH-ZuSLS</subfield></datafield><datafield ind1=" " ind2="7" tag="072"><subfield code="a">dr</subfield><subfield code="2">rero</subfield></datafield><datafield ind1=" " ind2=" " tag="084"><subfield code="a">551.F.E.2.D</subfield><subfield code="2">brp</subfield></datafield><datafield ind1=" " ind2=" " tag="084"><subfield code="a">551.F.E.2.V</subfield><subfield code="2">brp</subfield></datafield><datafield ind1=" " ind2=" " tag="084"><subfield code="a">551.F.E.2.L</subfield><subfield code="2">brp</subfield></datafield><datafield ind1="0" ind2="0" tag="245"><subfield code="a">Verglichs-Handlung das Mannschaft-Recht und davon abhangende Militare, wie auch die Haltung der Lands-Gemeinden betreffend</subfield><subfield code="b">von lobl. III. compaciscierenden Ständen Zürich, Bern, und Fürstl. Stift St. Gallen, zu Baden im Aergäu errichtet, in dem Jahr 1755. Und nachwärts allseitig ratificiert</subfield></datafield><datafield ind1="1" ind2=" " tag="246"><subfield code="a">Vergleichshandlung das Mannschaftrecht und davon abhängende Militare, wie auch die Haltung der Landsgemeinden betreffend</subfield></datafield><datafield ind1=" " ind2="1" tag="264"><subfield code="a">[Schweiz?]</subfield><subfield code="b">[éditeur non identifié]</subfield><subfield code="c">[ca 1755]</subfield></datafield><datafield ind1=" " ind2=" " tag="300"><subfield code="a">16 p.</subfield><subfield code="c">4⁰ (21 cm)</subfield></datafield><datafield ind1=" " ind2=" " tag="336"><subfield code="b">txt</subfield><subfield code="2">rdacontent</subfield></datafield><datafield ind1=" " ind2=" " tag="337"><subfield code="b">n</subfield><subfield code="2">rdamedia</subfield></datafield><datafield ind1=" " ind2=" " tag="338"><subfield code="b">nc</subfield><subfield code="2">rdacarrier</subfield></datafield><datafield ind1=" " ind2="7" tag="650"><subfield code="a">18e siècle (milieu)</subfield><subfield code="0">(RERO)A023083953</subfield><subfield code="2">rero</subfield></datafield><datafield ind1=" " ind2="7" tag="650"><subfield code="a">1755</subfield><subfield code="2">rero</subfield></datafield><datafield ind1=" " ind2="7" tag="651"><subfield code="a">Berne (Suisse ; canton)</subfield><subfield code="0">(IDREF)027849414</subfield><subfield code="2">idref</subfield></datafield><datafield ind1=" " ind2="7" tag="651"><subfield code="a">Saint-Gall (Saint-Gall, Suisse)</subfield><subfield code="0">(IDREF)027465012</subfield><subfield code="2">idref</subfield></datafield><datafield ind1=" " ind2="7" tag="651"><subfield code="a">Toggenbourg (Saint-Gall, Suisse)</subfield><subfield code="0">(IDREF)031965164</subfield><subfield code="2">idref</subfield></datafield><datafield ind1=" " ind2="7" tag="651"><subfield code="a">Zurich (Suisse ; canton)</subfield><subfield code="0">(IDREF)028179420</subfield><subfield code="2">idref</subfield></datafield><datafield ind1=" " ind2="7" tag="655"><subfield code="a">[document]</subfield><subfield code="2">rerovoc</subfield><subfield code="0">(RERO)A010182398</subfield></datafield><datafield ind1="1" ind2=" " tag="710"><subfield code="a">Bern (Stadt und Republik)</subfield><subfield code="0">(RERO)A000018846</subfield></datafield><datafield ind1="1" ind2=" " tag="710"><subfield code="a">Zürich (Republik)</subfield><subfield code="0">(RERO)A016366406</subfield></datafield><datafield ind1="2" ind2=" " tag="710"><subfield code="a">Abtei (Sankt Gallen)</subfield><subfield code="0">(RERO)A016568391</subfield></datafield><datafield ind1=" " ind2=" " tag="900"><subfield code="a">REROswissbibnomerge</subfield></datafield></record>
</metadata></record><record><header status="deleted"><identifier>oai:alma.41SLSP_UGE:991000012909705502</identifier><datestamp>2023-06-15T00:11:15Z</datestamp><setSpec>uge_bcen_RapidILL_BOOK</setSpec><setSpec>uge_aaca_RapidILL_BOOK</setSpec><setSpec>uge_abels_RapidILL_BOOK</setSpec><setSpec>uge_dbu_RapidILL_BOOK</setSpec><setSpec>uge_cmu_RapidILL_BOOK</setSpec><setSpec>uge_mail_RapidILL_BOOK</setSpec><setSpec>uge_abbat_RapidILL_BOOK</setSpec><setSpec>UNIGE_ALL</setSpec><setSpec>uge_aobs_RapidILL_BOOK</setSpec><setSpec>uge_acar_RapidILL_BOOK</setSpec></header></record>